3600 5925
589 725 810 791 AMORUM.
848 725 939 791 LIB.
964 727 991 791 Ι.
1013 728 1046 792 8.
1254 731 1320 797 823

280 898 356 973 Sed
374 921 580 996 numquam
593 897 741 972 dederis
758 898 966 996 spatiosum
979 911 1129 1000 tempus
1147 903 1186 976 in
1203 904 1294 981 iram
1303 933 1313 994 ;

328 1014 439 1112 Saepe
457 1013 665 1087 simultates
684 1012 739 1087 ira
755 1023 899 1087 morata
916 1013 1017 1088 facit.

278 1127 379 1213 Quin
396 1129 509 1203 etiam
525 1129 674 1203 discant
689 1128 788 1202 oculi
805 1129 998 1204 lacrimare
1016 1133 1158 1206 coacti:

327 1242 378 1317 Et
393 1243 532 1318 faciant
549 1244 642 1318 udas
659 1244 724 1318 illa
739 1244 797 1317 vel
815 1244 879 1318 illa
895 1268 1024 1341 genas.

278 1358 374 1446 Nec,
393 1361 424 1434 si
442 1385 557 1460 quem
573 1360 692 1447 falles,
706 1372 747 1435 tu
765 1363 955 1460 perjurare
973 1361 1115 1437 timeto.
1267 1369 1315 1438 85

328 1475 553 1551 Commodat
569 1477 687 1550 illusis
704 1476 857 1551 numina
874 1477 988 1551 surda
1004 1477 1145 1552 Venus.

279 1591 429 1680 Servus,
448 1594 551 1667 etad
569 1604 695 1692 partes
713 1594 843 1667 sollers
860 1592 998 1667 ancilla
1014 1604 1191 1691 parentur
1201 1622 1211 1683 ;

292 1718 295 1723 ’
327 1706 402 1790 Qui
418 1708 590 1795 doceant,
609 1719 696 1807 apte
714 1708 805 1806 quid
823 1708 892 1781 tibi
910 1707 1030 1806 possit
1046 1709 1133 1782 cmi.

277 1819 328 1895 Et
344 1823 417 1897 sibi
434 1848 555 1922 pauca
571 1836 722 1922 rogent:
750 1825 858 1897 multi
876 1824 908 1898 si
926 1847 1048 1923 pauca
1066 1825 1262 1920 rogabunt,

328 1936 530 2015 Postmodo
547 1941 595 2015 de
613 1941 753 2040 stipuld
771 1941 922 2038 grandis
940 1964 1094 2015 acervus
1109 1940 1191 2014 erit.
1265 1944 1314 2014 90

277 2050 328 2126 Et
344 2078 458 2141 soror,
470 2067 510 2129 et
520 2066 651 2143 mater,
666 2057 790 2130 nutrix
803 2080 955 2154 quoque
968 2066 1099 2154 carpat
1113 2067 1312 2131 amantem.

325 2167 386 2242 Fit
402 2171 476 2244 cito
495 2195 562 2269 per
578 2173 715 2246 multas
729 2172 856 2271 praeda
872 2173 992 2271 petita
1008 2197 1154 2246 manus.

275 2282 375 2357 Cum
390 2296 429 2359 te
446 2286 622 2362 deficient
638 2288 818 2386 poscendi
835 2311 992 2362 munera
1008 2312 1164 2374 caussae,

325 2399 499 2476 Natalem
515 2403 592 2477 libo
608 2403 809 2477 testificare
825 2413 945 2476 tuum.

275 2512 312 2586 N
314 2539 336 2589 e
353 2541 507 2593 securus
525 2530 637 2606 amet,
655 2520 756 2593 nullo
774 2519 900 2605 rivale,
919 2529 1063 2592 caveto.
1266 2520 1314 2591 95

325 2630 362 2704 N
364 2656 413 2705 on
430 2634 538 2721 bene,
557 2633 589 2707 si
606 2635 715 2708 tollas
734 2635 876 2733 proelia,
894 2634 1006 2707 durat
1022 2656 1138 2707 amor.

275 2745 345 2820 Ille
361 2748 428 2819 viri
445 2760 525 2822 toto
540 2748 666 2823 videat
681 2750 841 2848 vestigia
857 2752 976 2839 lect03

326 2860 516 2961 Factaque
532 2864 681 2939 lascivis
698 2867 812 2942 livida
827 2868 924 2942 colla
940 2868 1051 2941 notis.

274 2975 435 3053 Munera
451 2982 640 3081 precipue
656 2984 792 3073 videat,
812 3008 897 3083 quae
915 2982 1057 3057 miserit
1073 2982 1182 3054 alter.

283 3151 287 3156 ,
324 3094 366 3168 Si
383 3096 452 3170 tibi
469 3097 520 3170 nil
538 3099 694 3187 dederit,
715 3100 832 3175 Sacra
849 3098 1015 3196 roganda
1030 3098 1091 3171 via
1107 3106 1178 3170 est.
1245 3100 1315 3169 100

304 3279 344 3328 et.
360 3279 393 3328 Et
400 3281 616 3345 faetantudoettto
626 3284 661 3332 vet
671 3286 712 3333 tue
725 3302 766 3350 ge·
815 3299 919 3333 crenus.
951 3282 1029 3330 Male.
1054 3295 1132 3346 neque
1152 3278 1237 3329 melius
1258 3280 1312 3329 Ma·

270 3354 333 3418 m]
361 3354 410 3402 llta
434 3357 469 3403 oet
487 3357 530 3404 illo
553 3366 644 3423 septem
662 3357 765 3409 codices.
815 3357 873 3414 rins,
881 3365 909 3406 ut
918 3354 1035 3421 quidquid
1046 3355 1077 3404 ab
1085 3354 1226 3404 amatoribus
1236 3363 1314 3404 extor-

271 3426 334 3490 finge
351 3443 383 3476 ex
399 3429 519 3494 Zelotypil
536 3437 560 3478 te
578 3430 678 3494 plorare.
710 3432 766 3481 Huc
815 3430 896 3487 serint,
917 3439 996 3480 tecum
1022 3428 1162 3494 partiantur.
1186 3431 1217 3477 ad
1237 3439 1316 3492 porta

272 3500 375 3566 pertinet
384 3501 467 3565 Elegia
476 3501 518 3550 vii.
528 3502 571 3551 lib.
582 3503 609 3552 ii.
634 3504 766 3556 llrrusrus.
815 3506 900 3564 rollers,
917 3504 995 3553 idest
1012 3503 1053 3569 qni
1071 3511 1126 3570 apte
1142 3512 1220 3569 potest
1235 3513 1315 3570 partes

272 3573 648 3629 FaciammadidrsuuusMoreti.
673 3579 767 3629 Marius
815 3577 869 3628 illas
883 3575 1315 3644 agemutffisuiosibiinscenada·

271 3649 313 3697 tta
323 3650 358 3697 ert
369 3648 448 3698 iltcde
459 3658 560 3700 amatore
567 3650 731 3719 sliquocapit.
814 3651 1018 3719 tmpertesdocte
1027 3660 1052 3701 et
1061 3651 1167 3699 sollerter
1175 3650 1233 3714 ogit.
1261 3648 1315 3699 liv.

302 3724 345 3774 85.
362 3723 766 3789 Siqrtrmfellm.]Falltrmeliores.
814 3724 850 3774 tii.
874 3727 914 3774 10.
948 3725 1061 3773 Fabulam
1078 3724 1218 3784 compositam
1242 3721 1315 3770 Volsci

269 3805 295 3847 et
305 3813 347 3864 pro
357 3809 384 3847 tu
392 3802 512 3862 petieram
521 3799 588 3858 sorte,
598 3800 661 3849 talc.
684 3800 765 3849 Haru-
816 3799 877 3854 letti,
888 3798 1036 3846 Hmticorad
1041 3805 1120 3859 parto
1125 3803 1226 3856 motor.
1238 3791 1312 3843 ethoe

270 3888 332 3922 arus.
364 3872 491 3936 Periclem
508 3872 604 3938 antique
620 3882 645 3922 et
656 3872 767 3922 Plautino
816 3867 1313 3937 sequentiarumenaqusdoenmeuu.

271 3947 388 4013 ruodopro
394 3946 594 4010 pdmdictnm
604 3947 767 3997 notaritDon·
848 3946 890 3994 9³.
910 3944 968 3992 Cum
979 3947 1019 3994 titi
1026 3942 1153 4010 deficiam]
1169 3940 1199 3990 Tc
1208 3942 1314 4006 deletam

272 4037 309 4070 ιι.
320 4021 368 4071 vid.
379 4019 526 4070 hmbin.ed
537 4020 622 4069 Horat.
632 4019 659 4068 ii.
670 4021 722 4069 Set.
733 4020 767 4069 iii
816 4017 889 4067 iidem
899 4027 973 4068 recte.
990 4018 1024 4068 sic
1035 4018 1099 4068 enim
1112 4016 1200 4083 optimo
1216 4015 1258 4064 illo
1269 4031 1313 4065 sre-

273 4095 327 4143 127.
815 4091 870 4142 culo
879 4093 1044 4157 loquebantur.
1078 4092 1167 4141 Herus.

302 4168 343 4216 87.
360 4168 596 4231 maram·
605 4166 764 4215 allucescit·
846 4168 889 4215 94.
914 4165 1042 4229 Tatificarc
1069 4163 1154 4227 tam]
1184 4163 1313 4228 Tattticars

270 4241 433 4306 lupercales]
451 4244 581 4304 Adnotatu,
591 4239 764 4305 pro,rdsocie-
812 4242 871 4289 mem
881 4237 968 4286 Mureti
985 4247 1010 4287 et
1022 4237 1144 4303 Neapolit.
1161 4237 1220 4286 sorte
1236 4246 1310 4287 recte.

270 4323 351 4371 tatem,
360 4314 435 4363 dixit:
452 4315 496 4364 ltoc
507 4322 552 4372 est,
563 4312 605 4379 qni
618 4323 671 4363 tum
686 4322 764 4380 portes
812 4311 868 4363 vide
878 4311 917 4361 hic
927 4311 1041 4360 Marium.

270 4395 380 4451 agantac
395 4396 513 4436 tueantur.
546 4385 649 4436 Perinde
662 4395 690 4435 ut
704 4386 763 4435 dici·
847 4387 903 4435 100.
921 4384 1063 4449 Sacram]
1082 4384 1213 4451 Hujusvie
1223 4383 1311 4435 mentio

270 4474 335 4507 mus:
352 4459 435 4509 Cicero
449 4468 543 4509 secutus
556 4470 592 4510 est
606 4468 684 4527 portes
694 4459 763 4508 Poru-
812 4469 850 4511 est
871 4459 935 4526 apud
952 4459 1077 4509 Horatium
1094 4460 1137 4509 lib.
1153 4459 1172 4509 i.
1190 4468 1215 4509 et
1230 4461 1309 4525 Satyr.

269 4531 326 4598 ped,
342 4530 414 4582 Curio
428 4540 507 4598 partes
521 4533 682 4591 Canariam.
712 4533 763 4582 Mr·
812 4534 846 4584 ix.
864 4534 928 4601 apud
939 4533 1076 4586 Ciceronem
1090 4533 1122 4584 ad
1138 4532 1212 4585 Attia.
1227 4535 1274 4601 ap.
1285 4541 1310 4583 et
