<?xml version="1.0" encoding="UTF-8"?>
<!DOCTYPE html PUBLIC "-//W3C//DTD XHTML 1.0 Transitional//EN"
    "http://www.w3.org/TR/xhtml1/DTD/xhtml1-transitional.dtd">
<html xmlns="http://www.w3.org/1999/xhtml" xml:lang="en" lang="en">
 <head>
  <title>
</title>
<meta http-equiv="Content-Type" content="text/html;charset=utf-8" />
  <meta name='ocr-system' content='tesseract 3.04.00' />
  <meta name='ocr-capabilities' content='ocr_page ocr_carea ocr_par ocr_line ocrx_word'/>
</head>
<body>
  <div class='ocr_page' id='page_1' title='image "./opera00giergoog/opera00giergoog_0179.png"; bbox 0 0 3600 5925; ppageno 0'>
   <div class='ocr_carea' id='block_1_1' title="bbox 559 872 1307 941">
    <p class='ocr_par' dir='ltr' id='par_1_1' title="bbox 559 872 1307 941">
     <span class='ocr_line' id='line_1_1' title="bbox 559 872 1307 941; baseline 0.003 -3"><span class='ocrx_word' id='word_1_1' title='bbox 559 872 821 940; x_wconf 85' lang='lat' dir='ltr'><strong>HEROIDES.</strong></span> <span class='ocrx_word' id='word_1_2' title='bbox 845 873 916 937; x_wconf 87' lang='grc' dir='ltr'>ΕΡ.</span> <span class='ocrx_word' id='word_1_3' title='bbox 940 872 1009 937; x_wconf 88' lang='grc' dir='ltr'>ΙΧ.</span> <span class='ocrx_word' id='word_1_4' title='bbox 1242 874 1307 941; x_wconf 81' lang='lat'>109</span> 
     </span>
    </p>
   </div>
   <div class='ocr_carea' id='block_1_2' title="bbox 257 1044 1226 1374">
    <p class='ocr_par' dir='ltr' id='par_1_2' title="bbox 257 1044 1226 1374">
     <span class='ocr_line' id='line_1_2' title="bbox 257 1044 1226 1143; baseline 0 -23"><span class='ocrx_word' id='word_1_5' title='bbox 257 1044 371 1130; x_wconf 82' lang='lat' dir='ltr'>Quod</span> <span class='ocrx_word' id='word_1_6' title='bbox 388 1056 428 1120; x_wconf 85' lang='lat' dir='ltr'>te</span> <span class='ocrx_word' id='word_1_7' title='bbox 445 1047 607 1119; x_wconf 84' lang='lat' dir='ltr'>laturum</span> <span class='ocrx_word' id='word_1_8' title='bbox 624 1055 696 1129; x_wconf 87' lang='lat' dir='ltr'>est,</span> <span class='ocrx_word' id='word_1_9' title='bbox 715 1047 853 1119; x_wconf 89' lang='lat' dir='ltr'>coelum</span> <span class='ocrx_word' id='word_1_10' title='bbox 869 1045 971 1143; x_wconf 87' lang='lat' dir='ltr'>prior</span> <span class='ocrx_word' id='word_1_11' title='bbox 988 1045 1070 1142; x_wconf 87' lang='lat' dir='ltr'>ipse</span> <span class='ocrx_word' id='word_1_12' title='bbox 1087 1045 1226 1120; x_wconf 87' lang='lat' dir='ltr'>tulisti:</span> 
     </span>
     <span class='ocr_line' id='line_1_3' title="bbox 311 1159 1092 1260; baseline 0.001 -27"><span class='ocrx_word' id='word_1_13' title='bbox 311 1160 475 1235; x_wconf 85' lang='lat' dir='ltr'>Hercule</span> <span class='ocrx_word' id='word_1_14' title='bbox 493 1162 689 1260; x_wconf 89' lang='lat' dir='ltr'>supposito</span> <span class='ocrx_word' id='word_1_15' title='bbox 707 1160 831 1233; x_wconf 84' lang='lat' dir='ltr'>sidera</span> <span class='ocrx_word' id='word_1_16' title='bbox 848 1160 955 1233; x_wconf 80' lang='lat' dir='ltr'>fulcit</span> <span class='ocrx_word' id='word_1_17' title='bbox 973 1159 1092 1234; x_wconf 84' lang='lat' dir='ltr'>Atlas.</span> 
     </span>
     <span class='ocr_line' id='line_1_4' title="bbox 261 1275 1171 1374; baseline -0.001 -24"><span class='ocrx_word' id='word_1_18' title='bbox 261 1275 362 1360; x_wconf 84' lang='lat' dir='ltr'><strong>Quid</strong></span> <span class='ocrx_word' id='word_1_19' title='bbox 380 1276 451 1351; x_wconf 92' lang='lat' dir='ltr'>nisi</span> <span class='ocrx_word' id='word_1_20' title='bbox 469 1277 601 1351; x_wconf 87' lang='lat' dir='ltr'>notitia</span> <span class='ocrx_word' id='word_1_21' title='bbox 617 1288 676 1351; x_wconf 87' lang='lat' dir='ltr'>est</span> <span class='ocrx_word' id='word_1_22' title='bbox 693 1277 829 1369; x_wconf 85' lang='lat' dir='ltr'>misero</span> <span class='ocrx_word' id='word_1_23' title='bbox 846 1276 1007 1374; x_wconf 84' lang='lat' dir='ltr'>quaesitu</span> <span class='ocrx_word' id='word_1_24' title='bbox 1024 1277 1171 1374; x_wconf 88' lang='lat' dir='ltr'>pudori,</span> 
     </span>
    </p>
   </div>
   <div class='ocr_carea' id='block_1_3' title="bbox 311 1391 1307 1490">
    <p class='ocr_par' dir='ltr' id='par_1_3' title="bbox 311 1391 1307 1490">
     <span class='ocr_line' id='line_1_5' title="bbox 311 1391 1307 1490; baseline 0 -25"><span class='ocrx_word' id='word_1_25' title='bbox 311 1393 353 1465; x_wconf 87' lang='lat' dir='ltr'>Si</span> <span class='ocrx_word' id='word_1_26' title='bbox 370 1394 519 1466; x_wconf 84' lang='lat' dir='ltr'>mocula</span> <span class='ocrx_word' id='word_1_27' title='bbox 536 1392 656 1490; x_wconf 87' lang='lat' dir='ltr'>stupri</span> <span class='ocrx_word' id='word_1_28' title='bbox 674 1391 773 1465; x_wconf 80' lang='lat' dir='ltr'>facta</span> <span class='ocrx_word' id='word_1_29' title='bbox 789 1392 913 1490; x_wconf 84' lang='lat' dir='ltr'>priora</span> <span class='ocrx_word' id='word_1_30' title='bbox 929 1392 1064 1465; x_wconf 77' lang='lat' dir='ltr'>notas?</span> <span class='ocrx_word' id='word_1_31' title='bbox 1257 1398 1307 1465; x_wconf 84' lang='lat'>20</span> 
     </span>
    </p>
   </div>
   <div class='ocr_carea' id='block_1_4' title="bbox 259 1506 1306 2182">
    <p class='ocr_par' dir='ltr' id='par_1_4' title="bbox 260 1506 1262 1719">
     <span class='ocr_line' id='line_1_6' title="bbox 260 1506 1262 1605; baseline 0.002 -25"><span class='ocrx_word' id='word_1_32' title='bbox 260 1507 363 1583; x_wconf 85' lang='lat' dir='ltr'>Tene</span> <span class='ocrx_word' id='word_1_33' title='bbox 380 1509 505 1582; x_wconf 85' lang='lat' dir='ltr'>serunt</span> <span class='ocrx_word' id='word_1_34' title='bbox 522 1508 692 1605; x_wconf 86' lang='lat' dir='ltr'>geminos</span> <span class='ocrx_word' id='word_1_35' title='bbox 710 1508 891 1605; x_wconf 85' lang='lat' dir='ltr'>pressisse</span> <span class='ocrx_word' id='word_1_36' title='bbox 909 1506 1090 1581; x_wconf 82' lang='lat' dir='ltr'><strong>tenaciter</strong></span> <span class='ocrx_word' id='word_1_37' title='bbox 1106 1530 1262 1603; x_wconf 68' lang='lat' dir='ltr'>angues</span> 
     </span>
     <span class='ocr_line' id='line_1_7' title="bbox 310 1622 1199 1719; baseline -0.002 -21"><span class='ocrx_word' id='word_1_38' title='bbox 310 1624 411 1698; x_wconf 82' lang='lat' dir='ltr'>Cum</span> <span class='ocrx_word' id='word_1_39' title='bbox 428 1634 535 1698; x_wconf 86' lang='lat' dir='ltr'>tener</span> <span class='ocrx_word' id='word_1_40' title='bbox 551 1624 590 1696; x_wconf 89' lang='lat' dir='ltr'>in</span> <span class='ocrx_word' id='word_1_41' title='bbox 607 1623 714 1697; x_wconf 90' lang='lat' dir='ltr'>cunis</span> <span class='ocrx_word' id='word_1_42' title='bbox 728 1625 809 1719; x_wconf 87' lang='lat' dir='ltr'>jam</span> <span class='ocrx_word' id='word_1_43' title='bbox 825 1622 919 1697; x_wconf 87' lang='lat' dir='ltr'>Jove</span> <span class='ocrx_word' id='word_1_44' title='bbox 937 1623 1073 1718; x_wconf 87' lang='lat' dir='ltr'>dignus</span> <span class='ocrx_word' id='word_1_45' title='bbox 1091 1624 1199 1697; x_wconf 79' lang='lat' dir='ltr'>erasi</span> 
     </span>
    </p>

    <p class='ocr_par' dir='ltr' id='par_1_5' title="bbox 259 1738 1209 1953">
     <span class='ocr_line' id='line_1_8' title="bbox 259 1738 1198 1838; baseline -0.001 -26"><span class='ocrx_word' id='word_1_46' title='bbox 259 1739 422 1838; x_wconf 86' lang='lat' dir='ltr'>Coepisti</span> <span class='ocrx_word' id='word_1_47' title='bbox 438 1740 584 1826; x_wconf 76' lang='lat' dir='ltr'>meliuS,</span> <span class='ocrx_word' id='word_1_48' title='bbox 605 1764 719 1838; x_wconf 85' lang='lat' dir='ltr'>quam</span> <span class='ocrx_word' id='word_1_49' title='bbox 737 1740 892 1814; x_wconf 85' lang='lat' dir='ltr'>desinis.</span> <span class='ocrx_word' id='word_1_50' title='bbox 920 1739 1053 1813; x_wconf 83' lang='lat' dir='ltr'>ultimo</span> <span class='ocrx_word' id='word_1_51' title='bbox 1069 1738 1198 1837; x_wconf 89' lang='lat' dir='ltr'>primis</span> 
     </span>
     <span class='ocr_line' id='line_1_9' title="bbox 312 1855 1209 1953; baseline -0.001 -25"><span class='ocrx_word' id='word_1_52' title='bbox 312 1855 485 1930; x_wconf 88' lang='lat' dir='ltr'>Cedunt:</span> <span class='ocrx_word' id='word_1_53' title='bbox 513 1855 713 1929; x_wconf 82' lang='lat' dir='ltr'>dissimiles</span> <span class='ocrx_word' id='word_1_54' title='bbox 731 1856 792 1929; x_wconf 90' lang='lat' dir='ltr'>hic</span> <span class='ocrx_word' id='word_1_55' title='bbox 809 1857 866 1929; x_wconf 86' lang='lat' dir='ltr'>vir</span> <span class='ocrx_word' id='word_1_56' title='bbox 884 1866 924 1929; x_wconf 89' lang='lat' dir='ltr'>et</span> <span class='ocrx_word' id='word_1_57' title='bbox 940 1856 1004 1929; x_wconf 93' lang='lat' dir='ltr'>ille</span> <span class='ocrx_word' id='word_1_58' title='bbox 1022 1878 1128 1953; x_wconf 88' lang='lat' dir='ltr'>puer.</span> <span class='ocrx_word' id='word_1_59' title='bbox 1207 1922 1209 1927; x_wconf 89' lang='lat'><em>.</em></span> 
     </span>
    </p>

    <p class='ocr_par' dir='ltr' id='par_1_6' title="bbox 260 1968 1306 2182">
     <span class='ocr_line' id='line_1_10' title="bbox 260 1968 1306 2068; baseline -0.002 -25"><span class='ocrx_word' id='word_1_60' title='bbox 260 1968 383 2054; x_wconf 84' lang='lat' dir='ltr'>Quem</span> <span class='ocrx_word' id='word_1_61' title='bbox 397 1994 473 2043; x_wconf 90' lang='lat' dir='ltr'>non</span> <span class='ocrx_word' id='word_1_62' title='bbox 486 1970 586 2044; x_wconf 93' lang='lat' dir='ltr'>mille</span> <span class='ocrx_word' id='word_1_63' title='bbox 597 1969 698 2056; x_wconf 85' lang='lat' dir='ltr'>ferae,</span> <span class='ocrx_word' id='word_1_64' title='bbox 711 1994 827 2068; x_wconf 91' lang='lat' dir='ltr'>quem</span> <span class='ocrx_word' id='word_1_65' title='bbox 838 1995 913 2044; x_wconf 90' lang='lat' dir='ltr'>uon</span> <span class='ocrx_word' id='word_1_66' title='bbox 922 1970 1165 2044; x_wconf 87' lang='lat' dir='ltr'>Stheneleius</span> <span class='ocrx_word' id='word_1_67' title='bbox 1176 1969 1306 2055; x_wconf 77' lang='lat' dir='ltr'>hostie,</span> 
     </span>
     <span class='ocr_line' id='line_1_11' title="bbox 310 2084 1134 2182; baseline 0.001 -25"><span class='ocrx_word' id='word_1_68' title='bbox 310 2084 396 2158; x_wconf 89' lang='lat' dir='ltr'>Non</span> <span class='ocrx_word' id='word_1_69' title='bbox 414 2085 537 2182; x_wconf 84' lang='lat' dir='ltr'>potuit</span> <span class='ocrx_word' id='word_1_70' title='bbox 553 2085 577 2157; x_wconf 89' lang='lat' dir='ltr'>J</span> <span class='ocrx_word' id='word_1_71' title='bbox 581 2108 654 2158; x_wconf 90' lang='lat' dir='ltr'>uuo</span> <span class='ocrx_word' id='word_1_72' title='bbox 671 2086 842 2173; x_wconf 83' lang='lat' dir='ltr'>vincere3</span> <span class='ocrx_word' id='word_1_73' title='bbox 871 2086 988 2158; x_wconf 88' lang='lat' dir='ltr'>vincit</span> <span class='ocrx_word' id='word_1_74' title='bbox 1005 2084 1134 2158; x_wconf 86' lang='lat' dir='ltr'>Amor.</span> 
     </span>
    </p>
   </div>
   <div class='ocr_carea' id='block_1_5' title="bbox 1258 2090 1307 2158">
    <p class='ocr_par' dir='ltr' id='par_1_7' title="bbox 1258 2090 1307 2158">
     <span class='ocr_line' id='line_1_12' title="bbox 1258 2090 1307 2158; baseline 0.041 -2"><span class='ocrx_word' id='word_1_75' title='bbox 1258 2090 1307 2158; x_wconf 82' lang='lat'>26</span> 
     </span>
    </p>
   </div>
   <div class='ocr_carea' id='block_1_6' title="bbox 257 2367 1310 2803">
    <p class='ocr_par' dir='ltr' id='par_1_8' title="bbox 257 2367 1310 2803">
     <span class='ocr_line' id='line_1_13' title="bbox 294 2367 1307 2435; baseline 0 -18"><span class='ocrx_word' id='word_1_76' title='bbox 294 2370 332 2420; x_wconf 80' lang='lat'>18.</span> <span class='ocrx_word' id='word_1_77' title='bbox 356 2369 492 2435; x_wconf 69' lang='lat' dir='ltr'>supporto]</span> <span class='ocrx_word' id='word_1_78' title='bbox 518 2370 628 2420; x_wconf 77' lang='lat' dir='ltr'>Melebut</span> <span class='ocrx_word' id='word_1_79' title='bbox 643 2369 756 2421; x_wconf 82' lang='lat' dir='ltr'>Heinsius</span> <span class='ocrx_word' id='word_1_80' title='bbox 806 2369 935 2432; x_wconf 71' lang='lat' dir='ltr'>supponere</span> <span class='ocrx_word' id='word_1_81' title='bbox 948 2368 987 2417; x_wconf 88' lang='lat' dir='ltr'>bic</span> <span class='ocrx_word' id='word_1_82' title='bbox 1003 2378 1040 2418; x_wconf 86' lang='lat' dir='ltr'>est</span> <span class='ocrx_word' id='word_1_83' title='bbox 1056 2367 1207 2417; x_wconf 80' lang='lat' dir='ltr'>substituere.</span> <span class='ocrx_word' id='word_1_84' title='bbox 1224 2367 1259 2417; x_wconf 84' lang='lat' dir='ltr'>its</span> <span class='ocrx_word' id='word_1_85' title='bbox 1274 2372 1307 2417; x_wconf 72' lang='grc' dir='ltr'>ω’·</span> 
     </span>
     <span class='ocr_line' id='line_1_14' title="bbox 257 2442 1308 2508; baseline 0.002 -18"><span class='ocrx_word' id='word_1_86' title='bbox 257 2442 314 2491; x_wconf 90' lang='lat' dir='ltr'>olim</span> <span class='ocrx_word' id='word_1_87' title='bbox 324 2446 422 2505; x_wconf 79' lang='lat' dir='ltr'>seposito,</span> <span class='ocrx_word' id='word_1_88' title='bbox 430 2443 495 2508; x_wconf 89' lang='lat' dir='ltr'>quod</span> <span class='ocrx_word' id='word_1_89' title='bbox 505 2445 609 2494; x_wconf 82' lang='lat' dir='ltr'>Hercule</span> <span class='ocrx_word' id='word_1_90' title='bbox 619 2443 704 2495; x_wconf 82' lang='lat' dir='ltr'>omisso</span> <span class='ocrx_word' id='word_1_91' title='bbox 714 2461 756 2494; x_wconf 85' lang='lat' dir='ltr'>ex·</span> <span class='ocrx_word' id='word_1_92' title='bbox 806 2446 894 2493; x_wconf 79' lang='lat' dir='ltr'>curiora</span> <span class='ocrx_word' id='word_1_93' title='bbox 907 2444 981 2507; x_wconf 77' lang='lat' dir='ltr'>fidem</span> <span class='ocrx_word' id='word_1_94' title='bbox 1002 2459 1125 2505; x_wconf 78' lang='lat' dir='ltr'>supponere</span> <span class='ocrx_word' id='word_1_95' title='bbox 1145 2442 1207 2491; x_wconf 85' lang='lat' dir='ltr'>dixit</span> <span class='ocrx_word' id='word_1_96' title='bbox 1224 2442 1308 2492; x_wconf 85' lang='lat' dir='ltr'>Cicero</span> 
     </span>
     <span class='ocr_line' id='line_1_15' title="bbox 258 2515 1307 2583; baseline 0.002 -19"><span class='ocrx_word' id='word_1_97' title='bbox 258 2516 372 2582; x_wconf 84' lang='lat' dir='ltr'>plicsbst,</span> <span class='ocrx_word' id='word_1_98' title='bbox 382 2525 408 2565; x_wconf 89' lang='lat' dir='ltr'>et</span> <span class='ocrx_word' id='word_1_99' title='bbox 420 2516 454 2565; x_wconf 85' lang='lat' dir='ltr'>ito</span> <span class='ocrx_word' id='word_1_100' title='bbox 463 2518 588 2567; x_wconf 71' lang='lat' dir='ltr'>Parentem</span> <span class='ocrx_word' id='word_1_101' title='bbox 604 2534 755 2568; x_wconf 80' lang='lat' dir='ltr'>snumocce-</span> <span class='ocrx_word' id='word_1_102' title='bbox 806 2533 849 2583; x_wconf 90' lang='lat' dir='ltr'>pro</span> <span class='ocrx_word' id='word_1_103' title='bbox 858 2517 934 2566; x_wconf 80' lang='lat' dir='ltr'>Bosc.</span> <span class='ocrx_word' id='word_1_104' title='bbox 946 2515 1102 2565; x_wconf 67' lang='lat' dir='ltr'>American.</span> <span class='ocrx_word' id='word_1_105' title='bbox 1137 2516 1225 2570; x_wconf 80' lang='lat' dir='ltr'>Quibus</span> <span class='ocrx_word' id='word_1_106' title='bbox 1234 2519 1260 2565; x_wconf 81' lang='lat' dir='ltr'>in</span> <span class='ocrx_word' id='word_1_107' title='bbox 1270 2534 1307 2566; x_wconf 85' lang='lat' dir='ltr'>re·</span> 
     </span>
     <span class='ocr_line' id='line_1_16' title="bbox 258 2588 1310 2657; baseline 0 -18"><span class='ocrx_word' id='word_1_108' title='bbox 258 2589 320 2655; x_wconf 87' lang='lat' dir='ltr'>pisse</span> <span class='ocrx_word' id='word_1_109' title='bbox 329 2590 430 2640; x_wconf 77' lang='lat' dir='ltr'>notovit.</span> <span class='ocrx_word' id='word_1_110' title='bbox 447 2592 486 2639; x_wconf 83' lang='lat' dir='ltr'>vel</span> <span class='ocrx_word' id='word_1_111' title='bbox 503 2592 639 2657; x_wconf 75' lang='lat' dir='ltr'>explicabat</span> <span class='ocrx_word' id='word_1_112' title='bbox 652 2591 757 2642; x_wconf 81' lang='lat' dir='ltr'>Hercule</span> <span class='ocrx_word' id='word_1_113' title='bbox 807 2593 848 2639; x_wconf 81' lang='lat' dir='ltr'>bus</span> <span class='ocrx_word' id='word_1_114' title='bbox 861 2593 905 2653; x_wconf 83' lang='lat' dir='ltr'>ipsi</span> <span class='ocrx_word' id='word_1_115' title='bbox 922 2588 1027 2638; x_wconf 66' lang='lat' dir='ltr'>interme</span> <span class='ocrx_word' id='word_1_116' title='bbox 1042 2606 1088 2637; x_wconf 82' lang='lat' dir='ltr'>non</span> <span class='ocrx_word' id='word_1_117' title='bbox 1100 2605 1222 2651; x_wconf 71' lang='lat' dir='ltr'>possem,</span> <span class='ocrx_word' id='word_1_118' title='bbox 1232 2593 1258 2638; x_wconf 82' lang='lat' dir='ltr'>in</span> <span class='ocrx_word' id='word_1_119' title='bbox 1275 2593 1310 2639; x_wconf 73' lang='lat' dir='ltr'>liis</span> 
     </span>
     <span class='ocr_line' id='line_1_17' title="bbox 258 2663 1308 2731; baseline -0.001 -19"><span class='ocrx_word' id='word_1_120' title='bbox 258 2667 757 2731; x_wconf 65' lang='lat' dir='ltr'>sspooto,prosepoueute,uteoseponeute</span> <span class='ocrx_word' id='word_1_121' title='bbox 807 2681 877 2726; x_wconf 75' lang='lat' dir='ltr'>opere</span> <span class='ocrx_word' id='word_1_122' title='bbox 900 2673 981 2712; x_wconf 70' lang='lat' dir='ltr'>mre</span> <span class='ocrx_word' id='word_1_123' title='bbox 1001 2666 1088 2711; x_wconf 64' lang='lat' dir='ltr'>nicoma</span> <span class='ocrx_word' id='word_1_124' title='bbox 1100 2663 1161 2726; x_wconf 74' lang='lat' dir='ltr'>fida</span> <span class='ocrx_word' id='word_1_125' title='bbox 1183 2666 1308 2712; x_wconf 62' lang='lat' dir='ltr'>esseorum</span> 
     </span>
     <span class='ocr_line' id='line_1_18' title="bbox 258 2735 1307 2803; baseline 0.003 -18"><span class='ocrx_word' id='word_1_126' title='bbox 258 2736 397 2786; x_wconf 75' lang='lat' dir='ltr'>successerit</span> <span class='ocrx_word' id='word_1_127' title='bbox 413 2736 490 2785; x_wconf 79' lang='lat' dir='ltr'>Atlss.</span> <span class='ocrx_word' id='word_1_128' title='bbox 518 2737 636 2793; x_wconf 83' lang='lat' dir='ltr'>nimirum,</span> <span class='ocrx_word' id='word_1_129' title='bbox 652 2747 679 2786; x_wconf 90' lang='lat' dir='ltr'>ut</span> <span class='ocrx_word' id='word_1_130' title='bbox 694 2749 758 2803; x_wconf 90' lang='lat' dir='ltr'>post·</span> <span class='ocrx_word' id='word_1_131' title='bbox 806 2741 952 2801; x_wconf 75' lang='lat' dir='ltr'>supponitur.</span> <span class='ocrx_word' id='word_1_132' title='bbox 987 2736 1161 2786; x_wconf 79' lang='lat' dir='ltr'>Fulsitsivero</span> <span class='ocrx_word' id='word_1_133' title='bbox 1171 2735 1243 2785; x_wconf 80' lang='lat' dir='ltr'>alicui</span> <span class='ocrx_word' id='word_1_134' title='bbox 1259 2754 1307 2788; x_wconf 91' lang='lat' dir='ltr'>nou</span> 
     </span>
    </p>
   </div>
   <div class='ocr_carea' id='block_1_7' title="bbox 257 2807 1427 2876">
    <p class='ocr_par' dir='ltr' id='par_1_9' title="bbox 257 2807 1427 2876">
     <span class='ocr_line' id='line_1_19' title="bbox 257 2807 1427 2876; baseline 0.003 -18"><span class='ocrx_word' id='word_1_135' title='bbox 257 2825 333 2875; x_wconf 77' lang='lat' dir='ltr'>quom</span> <span class='ocrx_word' id='word_1_136' title='bbox 352 2810 470 2859; x_wconf 81' lang='lat' dir='ltr'>Hercules</span> <span class='ocrx_word' id='word_1_137' title='bbox 496 2809 643 2874; x_wconf 82' lang='lat' dir='ltr'>sliquemdiu</span> <span class='ocrx_word' id='word_1_138' title='bbox 667 2810 759 2862; x_wconf 90' lang='lat' dir='ltr'>tulisset</span> <span class='ocrx_word' id='word_1_139' title='bbox 807 2807 1071 2876; x_wconf 63' lang='lat' dir='ltr'>placenticesvossius</span> <span class='ocrx_word' id='word_1_140' title='bbox 1080 2807 1307 2861; x_wconf 64' lang='lat' dir='ltr'>ributmonte.</span> <span class='ocrx_word' id='word_1_141' title='bbox 1417 2816 1427 2833; x_wconf 74' lang='lat'><strong>¹</strong></span> 
     </span>
    </p>
   </div>
   <div class='ocr_carea' id='block_1_8' title="bbox 256 2881 1310 4197">
    <p class='ocr_par' dir='ltr' id='par_1_10' title="bbox 256 2881 1310 4197">
     <span class='ocr_line' id='line_1_20' title="bbox 259 2881 1309 2949; baseline 0.004 -19"><span class='ocrx_word' id='word_1_142' title='bbox 259 2883 358 2939; x_wconf 69' lang='lat' dir='ltr'>omium</span> <span class='ocrx_word' id='word_1_143' title='bbox 364 2882 422 2931; x_wconf 86' lang='lat' dir='ltr'>duur</span> <span class='ocrx_word' id='word_1_144' title='bbox 431 2882 502 2931; x_wconf 79' lang='lat' dir='ltr'>Atlas</span> <span class='ocrx_word' id='word_1_145' title='bbox 511 2884 652 2947; x_wconf 87' lang='lat' dir='ltr'>quiesceret,</span> <span class='ocrx_word' id='word_1_146' title='bbox 664 2883 704 2932; x_wconf 88' lang='lat' dir='ltr'>ille</span> <span class='ocrx_word' id='word_1_147' title='bbox 715 2883 757 2932; x_wconf 88' lang='lat' dir='ltr'>de·</span> <span class='ocrx_word' id='word_1_148' title='bbox 808 2883 853 2932; x_wconf 86' lang='lat' dir='ltr'>hoc</span> <span class='ocrx_word' id='word_1_149' title='bbox 868 2882 942 2933; x_wconf 80' lang='lat' dir='ltr'>etium</span> <span class='ocrx_word' id='word_1_150' title='bbox 958 2899 987 2931; x_wconf 79' lang='lat' dir='ltr'>ex</span> <span class='ocrx_word' id='word_1_151' title='bbox 1005 2881 1059 2930; x_wconf 90' lang='lat' dir='ltr'>loco</span> <span class='ocrx_word' id='word_1_152' title='bbox 1076 2883 1169 2946; x_wconf 85' lang='lat' dir='ltr'>probet,</span> <span class='ocrx_word' id='word_1_153' title='bbox 1179 2882 1220 2930; x_wconf 91' lang='lat' dir='ltr'>ille</span> <span class='ocrx_word' id='word_1_154' title='bbox 1230 2884 1309 2949; x_wconf 73' lang='lat' dir='ltr'>fulcit</span> 
     </span>
     <span class='ocr_line' id='line_1_21' title="bbox 259 2953 1307 3022; baseline 0.003 -17"><span class='ocrx_word' id='word_1_155' title='bbox 259 2955 317 3006; x_wconf 85' lang='lat' dir='ltr'>inde</span> <span class='ocrx_word' id='word_1_156' title='bbox 334 2955 421 3006; x_wconf 84' lang='lat' dir='ltr'>iterum</span> <span class='ocrx_word' id='word_1_157' title='bbox 438 2966 527 3006; x_wconf 83' lang='lat' dir='ltr'>remoto</span> <span class='ocrx_word' id='word_1_158' title='bbox 545 2956 659 3015; x_wconf 82' lang='lat' dir='ltr'>Hercule,</span> <span class='ocrx_word' id='word_1_159' title='bbox 673 2974 759 3007; x_wconf 87' lang='lat' dir='ltr'>munus</span> <span class='ocrx_word' id='word_1_160' title='bbox 807 2954 1036 3022; x_wconf 75' lang='lat' dir='ltr'>projitles&#39;itcspiat,</span> <span class='ocrx_word' id='word_1_161' title='bbox 1048 2953 1198 3020; x_wconf 80' lang='lat' dir='ltr'>velsulcs&#39;uit.</span> <span class='ocrx_word' id='word_1_162' title='bbox 1217 2957 1307 3008; x_wconf 76' lang='lat' dir='ltr'>Burrus.</span> 
     </span>
     <span class='ocr_line' id='line_1_22' title="bbox 258 3028 1309 3096; baseline 0.001 -16"><span class='ocrx_word' id='word_1_163' title='bbox 258 3046 330 3081; x_wconf 84' lang='lat' dir='ltr'>suom</span> <span class='ocrx_word' id='word_1_164' title='bbox 344 3030 450 3080; x_wconf 86' lang='lat' dir='ltr'>subierit.</span> <span class='ocrx_word' id='word_1_165' title='bbox 466 3030 509 3080; x_wconf 88' lang='lat' dir='ltr'>sed</span> <span class='ocrx_word' id='word_1_166' title='bbox 519 3031 577 3096; x_wconf 86' lang='lat' dir='ltr'>quis</span> <span class='ocrx_word' id='word_1_167' title='bbox 593 3030 619 3080; x_wconf 90' lang='lat' dir='ltr'>iu</span> <span class='ocrx_word' id='word_1_168' title='bbox 636 3031 703 3080; x_wconf 89' lang='lat' dir='ltr'>nullo</span> <span class='ocrx_word' id='word_1_169' title='bbox 716 3047 758 3081; x_wconf 91' lang='lat' dir='ltr'>co·</span> <span class='ocrx_word' id='word_1_170' title='bbox 841 3030 883 3078; x_wconf 85' lang='lat'>20.</span> <span class='ocrx_word' id='word_1_171' title='bbox 900 3031 926 3077; x_wconf 83' lang='lat' dir='ltr'>st</span> <span class='ocrx_word' id='word_1_172' title='bbox 942 3028 1068 3090; x_wconf 62' lang='lat' dir='ltr'>eunoun]</span> <span class='ocrx_word' id='word_1_173' title='bbox 1094 3028 1124 3076; x_wconf 87' lang='lat' dir='ltr'>Iu</span> <span class='ocrx_word' id='word_1_174' title='bbox 1141 3030 1228 3093; x_wconf 74' lang='lat' dir='ltr'>magui</span> <span class='ocrx_word' id='word_1_175' title='bbox 1244 3031 1309 3081; x_wconf 85' lang='lat' dir='ltr'>codi-</span> 
     </span>
     <span class='ocr_line' id='line_1_23' title="bbox 257 3102 1200 3170; baseline -0.003 -17"><span class='ocrx_word' id='word_1_176' title='bbox 257 3102 312 3153; x_wconf 84' lang='lat' dir='ltr'>dioe</span> <span class='ocrx_word' id='word_1_177' title='bbox 322 3104 375 3153; x_wconf 74' lang='lat' dir='ltr'>lucc</span> <span class='ocrx_word' id='word_1_178' title='bbox 383 3104 500 3170; x_wconf 82' lang='lat' dir='ltr'>scripnrrs</span> <span class='ocrx_word' id='word_1_179' title='bbox 509 3113 596 3161; x_wconf 84' lang='lat' dir='ltr'>exstst,</span> <span class='ocrx_word' id='word_1_180' title='bbox 606 3114 632 3155; x_wconf 91' lang='lat' dir='ltr'>et</span> <span class='ocrx_word' id='word_1_181' title='bbox 647 3104 673 3154; x_wconf 89' lang='lat' dir='ltr'>iu</span> <span class='ocrx_word' id='word_1_182' title='bbox 681 3105 758 3154; x_wconf 85' lang='lat' dir='ltr'>omni·</span> <span class='ocrx_word' id='word_1_183' title='bbox 809 3119 864 3153; x_wconf 88' lang='lat' dir='ltr'>cum</span> <span class='ocrx_word' id='word_1_184' title='bbox 875 3103 988 3152; x_wconf 77' lang='lat' dir='ltr'>verietste</span> <span class='ocrx_word' id='word_1_185' title='bbox 998 3103 1133 3167; x_wconf 73' lang='lat' dir='ltr'>preferreru</span> <span class='ocrx_word' id='word_1_186' title='bbox 1143 3118 1200 3166; x_wconf 83' lang='lat' dir='ltr'>ego:</span> 
     </span>
     <span class='ocr_line' id='line_1_24' title="bbox 258 3175 1297 3244; baseline 0.001 -17"><span class='ocrx_word' id='word_1_187' title='bbox 258 3177 362 3227; x_wconf 86' lang='lat' dir='ltr'>buslere</span> <span class='ocrx_word' id='word_1_188' title='bbox 379 3176 501 3227; x_wconf 85' lang='lat' dir='ltr'>codicibus</span> <span class='ocrx_word' id='word_1_189' title='bbox 517 3178 611 3242; x_wconf 72' lang='lat' dir='ltr'>legitur</span> <span class='ocrx_word' id='word_1_190' title='bbox 620 3177 704 3244; x_wconf 60' lang='lat' dir='ltr'>filet,</span> <span class='ocrx_word' id='word_1_191' title='bbox 715 3195 760 3244; x_wconf 79' lang='lat' dir='ltr'>ego</span> <span class='ocrx_word' id='word_1_192' title='bbox 842 3175 1127 3241; x_wconf 70' lang='lat' dir='ltr'>Simetostuprisocto</span> <span class='ocrx_word' id='word_1_193' title='bbox 1135 3177 1297 3238; x_wconf 82' lang='lat' dir='ltr'>prioronotos.</span> 
     </span>
     <span class='ocr_line' id='line_1_25' title="bbox 259 3250 1308 3318; baseline 0.004 -18"><span class='ocrx_word' id='word_1_194' title='bbox 259 3251 481 3309; x_wconf 81' lang='lat' dir='ltr'>huncversicolum,</span> <span class='ocrx_word' id='word_1_195' title='bbox 489 3253 623 3318; x_wconf 74' lang='lat' dir='ltr'>parenthesi</span> <span class='ocrx_word' id='word_1_196' title='bbox 631 3253 758 3311; x_wconf 86' lang='lat' dir='ltr'>inclusum,</span> <span class='ocrx_word' id='word_1_197' title='bbox 810 3251 909 3300; x_wconf 77' lang='lat' dir='ltr'>Macula</span> <span class='ocrx_word' id='word_1_198' title='bbox 934 3253 1017 3313; x_wconf 82' lang='lat' dir='ltr'>stupri,</span> <span class='ocrx_word' id='word_1_199' title='bbox 1037 3260 1064 3299; x_wconf 86' lang='lat' dir='ltr'>ut</span> <span class='ocrx_word' id='word_1_200' title='bbox 1087 3250 1151 3316; x_wconf 87' lang='lat' dir='ltr'>spud</span> <span class='ocrx_word' id='word_1_201' title='bbox 1171 3251 1308 3304; x_wconf 86' lang='lat' dir='ltr'>Terentium</span> 
     </span>
     <span class='ocr_line' id='line_1_26' title="bbox 258 3323 1308 3393; baseline 0 -20"><span class='ocrx_word' id='word_1_202' title='bbox 258 3323 361 3389; x_wconf 78' lang='lat' dir='ltr'>legerem</span> <span class='ocrx_word' id='word_1_203' title='bbox 370 3325 416 3375; x_wconf 88' lang='lat' dir='ltr'>boc</span> <span class='ocrx_word' id='word_1_204' title='bbox 426 3325 511 3376; x_wconf 84' lang='lat' dir='ltr'>modo:</span> <span class='ocrx_word' id='word_1_205' title='bbox 809 3327 913 3374; x_wconf 72' lang='lat' dir='ltr'>mente</span> <span class='ocrx_word' id='word_1_206' title='bbox 928 3326 1030 3373; x_wconf 64' lang='lat' dir='ltr'>namu.</span> <span class='ocrx_word' id='word_1_207' title='bbox 1063 3323 1136 3372; x_wconf 78' lang='lat' dir='ltr'>Adel.</span> <span class='ocrx_word' id='word_1_208' title='bbox 1155 3341 1180 3372; x_wconf 88' lang='lat' dir='ltr'>v.</span> <span class='ocrx_word' id='word_1_209' title='bbox 1199 3326 1224 3373; x_wconf 86' lang='grc'>8.</span> <span class='ocrx_word' id='word_1_210' title='bbox 1244 3327 1308 3393; x_wconf 83' lang='lat' dir='ltr'>spud</span> 
     </span>
     <span class='ocr_line' id='line_1_27' title="bbox 290 3397 1310 3465; baseline 0.004 -18"><span class='ocrx_word' id='word_1_211' title='bbox 290 3398 407 3463; x_wconf 79' lang='lat' dir='ltr'>(Heresis</span> <span class='ocrx_word' id='word_1_212' title='bbox 419 3402 531 3461; x_wconf 70' lang='lat' dir='ltr'>supputo</span> <span class='ocrx_word' id='word_1_213' title='bbox 545 3402 620 3449; x_wconf 78' lang='lat' dir='ltr'>s&#39;dsro</span> <span class='ocrx_word' id='word_1_214' title='bbox 628 3400 704 3465; x_wconf 75' lang='lat' dir='ltr'>fulsit</span> <span class='ocrx_word' id='word_1_215' title='bbox 713 3401 758 3449; x_wconf 75' lang='lat' dir='ltr'>As·</span> <span class='ocrx_word' id='word_1_216' title='bbox 808 3398 899 3450; x_wconf 84' lang='lat' dir='ltr'>Justin.</span> <span class='ocrx_word' id='word_1_217' title='bbox 917 3397 1000 3447; x_wconf 81' lang='lat' dir='ltr'>mvi.</span> <span class='ocrx_word' id='word_1_218' title='bbox 1033 3398 1150 3462; x_wconf 74' lang='lat' dir='ltr'>Segoitie.</span> <span class='ocrx_word' id='word_1_219' title='bbox 1184 3398 1310 3451; x_wconf 75' lang='lat' dir='ltr'>Fertor-oss</span> 
     </span>
     <span class='ocr_line' id='line_1_28' title="bbox 324 3470 1308 3538; baseline 0.006 -19"><span class='ocrx_word' id='word_1_220' title='bbox 324 3470 383 3532; x_wconf 78' lang='lat' dir='ltr'>los.)</span> <span class='ocrx_word' id='word_1_221' title='bbox 808 3481 833 3522; x_wconf 91' lang='lat' dir='ltr'>et</span> <span class='ocrx_word' id='word_1_222' title='bbox 841 3474 1001 3538; x_wconf 67' lang='lat' dir='ltr'>stogtimu.</span> <span class='ocrx_word' id='word_1_223' title='bbox 1034 3470 1113 3521; x_wconf 86' lang='lat' dir='ltr'>Cicer.</span> <span class='ocrx_word' id='word_1_224' title='bbox 1132 3489 1158 3520; x_wconf 83' lang='lat' dir='ltr'>v.</span> <span class='ocrx_word' id='word_1_225' title='bbox 1176 3472 1246 3522; x_wconf 87' lang='lat' dir='ltr'>Verr.</span> <span class='ocrx_word' id='word_1_226' title='bbox 1265 3476 1308 3525; x_wconf 83' lang='grc'>46.</span> 
     </span>
     <span class='ocr_line' id='line_1_29' title="bbox 258 3542 1309 3607; baseline 0.006 -15"><span class='ocrx_word' id='word_1_227' title='bbox 258 3542 758 3607; x_wconf 84' lang='lat' dir='ltr'>Utseusussit,tuooelum‚quodtelstu·</span> <span class='ocrx_word' id='word_1_228' title='bbox 809 3546 883 3596; x_wconf 88' lang='lat' dir='ltr'>Notos</span> <span class='ocrx_word' id='word_1_229' title='bbox 900 3561 956 3596; x_wconf 83' lang='lat' dir='ltr'>vero</span> <span class='ocrx_word' id='word_1_230' title='bbox 976 3552 1013 3594; x_wconf 84' lang='lat' dir='ltr'>est</span> <span class='ocrx_word' id='word_1_231' title='bbox 1031 3544 1131 3594; x_wconf 78' lang='lat' dir='ltr'>inferuis</span> <span class='ocrx_word' id='word_1_232' title='bbox 1149 3554 1174 3595; x_wconf 88' lang='lat' dir='ltr'>et</span> <span class='ocrx_word' id='word_1_233' title='bbox 1193 3545 1309 3598; x_wconf 78' lang='lat' dir='ltr'>deformia</span> 
     </span>
     <span class='ocr_line' id='line_1_30' title="bbox 256 3614 1310 3684; baseline 0.006 -19"><span class='ocrx_word' id='word_1_234' title='bbox 256 3631 313 3665; x_wconf 80' lang='lat' dir='ltr'>rum</span> <span class='ocrx_word' id='word_1_235' title='bbox 333 3623 378 3672; x_wconf 79' lang='lat' dir='ltr'>est.</span> <span class='ocrx_word' id='word_1_236' title='bbox 396 3615 460 3681; x_wconf 85' lang='lat' dir='ltr'>prior</span> <span class='ocrx_word' id='word_1_237' title='bbox 479 3614 563 3672; x_wconf 85' lang='lat' dir='ltr'>tulisti,</span> <span class='ocrx_word' id='word_1_238' title='bbox 584 3624 641 3664; x_wconf 87' lang='lat' dir='ltr'>tuuc</span> <span class='ocrx_word' id='word_1_239' title='bbox 661 3617 759 3675; x_wconf 84' lang='lat' dir='ltr'>scilicet,</span> <span class='ocrx_word' id='word_1_240' title='bbox 809 3620 889 3670; x_wconf 86' lang='lat' dir='ltr'>reddis</span> <span class='ocrx_word' id='word_1_241' title='bbox 909 3618 1004 3684; x_wconf 69' lang='lat' dir='ltr'>egregie</span> <span class='ocrx_word' id='word_1_242' title='bbox 1025 3628 1081 3668; x_wconf 79' lang='lat' dir='ltr'>oute</span> <span class='ocrx_word' id='word_1_243' title='bbox 1102 3628 1165 3675; x_wconf 82' lang='lat' dir='ltr'>sets,</span> <span class='ocrx_word' id='word_1_244' title='bbox 1180 3618 1226 3668; x_wconf 80' lang='lat' dir='ltr'>lnc</span> <span class='ocrx_word' id='word_1_245' title='bbox 1246 3637 1310 3671; x_wconf 86' lang='lat' dir='ltr'>oovs</span> 
     </span>
     <span class='ocr_line' id='line_1_31' title="bbox 256 3688 1269 3760; baseline 0.002 -21"><span class='ocrx_word' id='word_1_246' title='bbox 256 3704 314 3739; x_wconf 83' lang='lat' dir='ltr'>eum</span> <span class='ocrx_word' id='word_1_247' title='bbox 324 3688 397 3738; x_wconf 78' lang='lat' dir='ltr'>Atlas</span> <span class='ocrx_word' id='word_1_248' title='bbox 406 3696 521 3754; x_wconf 83' lang='lat' dir='ltr'>perpetuo</span> <span class='ocrx_word' id='word_1_249' title='bbox 528 3704 599 3738; x_wconf 88' lang='lat' dir='ltr'>onere</span> <span class='ocrx_word' id='word_1_250' title='bbox 608 3689 666 3738; x_wconf 86' lang='lat' dir='ltr'>ooeli</span> <span class='ocrx_word' id='word_1_251' title='bbox 675 3689 760 3754; x_wconf 79' lang='lat' dir='ltr'>tetige-</span> <span class='ocrx_word' id='word_1_252' title='bbox 808 3693 883 3760; x_wconf 83' lang='lat' dir='ltr'>stupri</span> <span class='ocrx_word' id='word_1_253' title='bbox 893 3691 986 3742; x_wconf 83' lang='lat' dir='ltr'>servilis</span> <span class='ocrx_word' id='word_1_254' title='bbox 995 3701 1061 3741; x_wconf 84' lang='lat' dir='ltr'>nots.</span> <span class='ocrx_word' id='word_1_255' title='bbox 1073 3700 1100 3740; x_wconf 88' lang='lat' dir='ltr'>ut</span> <span class='ocrx_word' id='word_1_256' title='bbox 1109 3707 1176 3757; x_wconf 86' lang='lat' dir='ltr'>supr.</span> <span class='ocrx_word' id='word_1_257' title='bbox 1187 3690 1214 3741; x_wconf 91' lang='lat' dir='ltr'>ii.</span> <span class='ocrx_word' id='word_1_258' title='bbox 1226 3694 1269 3742; x_wconf 77' lang='lat'>86.</span> 
     </span>
     <span class='ocr_line' id='line_1_32' title="bbox 256 3761 1310 3832; baseline 0.005 -20"><span class='ocrx_word' id='word_1_259' title='bbox 256 3771 299 3817; x_wconf 75' lang='lat' dir='ltr'>tus</span> <span class='ocrx_word' id='word_1_260' title='bbox 315 3771 340 3813; x_wconf 86' lang='lat' dir='ltr'>et</span> <span class='ocrx_word' id='word_1_261' title='bbox 355 3762 478 3820; x_wconf 85' lang='lat' dir='ltr'>deficiens,</span> <span class='ocrx_word' id='word_1_262' title='bbox 488 3761 636 3829; x_wconf 87' lang='lat' dir='ltr'>supposuerit</span> <span class='ocrx_word' id='word_1_263' title='bbox 653 3764 685 3814; x_wconf 83' lang='lat' dir='ltr'>sd</span> <span class='ocrx_word' id='word_1_264' title='bbox 700 3773 760 3813; x_wconf 86' lang='lat' dir='ltr'>teru-</span> <span class='ocrx_word' id='word_1_265' title='bbox 842 3769 949 3832; x_wconf 71' lang='lat' dir='ltr'>Quisquis</span> <span class='ocrx_word' id='word_1_266' title='bbox 968 3769 997 3816; x_wconf 83' lang='lat' dir='ltr'>ob</span> <span class='ocrx_word' id='word_1_267' title='bbox 1017 3776 1100 3815; x_wconf 79' lang='lat' dir='ltr'>events</span> <span class='ocrx_word' id='word_1_268' title='bbox 1112 3765 1185 3830; x_wconf 76' lang='lat' dir='ltr'>foeta</span> <span class='ocrx_word' id='word_1_269' title='bbox 1208 3768 1310 3816; x_wconf 76' lang='lat' dir='ltr'>mtosda</span> 
     </span>
     <span class='ocr_line' id='line_1_33' title="bbox 258 3827 948 3903; baseline 0.004 -19"><span class='ocrx_word' id='word_1_270' title='bbox 258 3852 304 3902; x_wconf 88' lang='lat' dir='ltr'>pus</span> <span class='ocrx_word' id='word_1_271' title='bbox 318 3835 515 3900; x_wconf 69' lang='lat' dir='ltr'>Herculemque</span> <span class='ocrx_word' id='word_1_272' title='bbox 532 3836 600 3901; x_wconf 86' lang='lat' dir='ltr'>qussi</span> <span class='ocrx_word' id='word_1_273' title='bbox 610 3835 698 3886; x_wconf 78' lang='lat' dir='ltr'>vicario</span> <span class='ocrx_word' id='word_1_274' title='bbox 714 3836 760 3887; x_wconf 87' lang='lat' dir='ltr'>lul-</span> <span class='ocrx_word' id='word_1_275' title='bbox 869 3827 948 3903; x_wconf 74' lang='lat' dir='ltr'>putet.</span> 
     </span>
     <span class='ocr_line' id='line_1_34' title="bbox 257 3909 1309 3977; baseline 0.003 -17"><span class='ocrx_word' id='word_1_276' title='bbox 257 3911 451 3976; x_wconf 60' lang='lat' dir='ltr'>obsidemque</span> <span class='ocrx_word' id='word_1_277' title='bbox 468 3909 538 3960; x_wconf 73' lang='lat' dir='ltr'>aliter</span> <span class='ocrx_word' id='word_1_278' title='bbox 547 3909 646 3960; x_wconf 81' lang='lat' dir='ltr'>luissent</span> <span class='ocrx_word' id='word_1_279' title='bbox 660 3911 759 3962; x_wconf 79' lang='lat' dir='ltr'>ruituro.</span> <span class='ocrx_word' id='word_1_280' title='bbox 808 3912 868 3963; x_wconf 81' lang='lat' dir='ltr'>vid.</span> <span class='ocrx_word' id='word_1_281' title='bbox 880 3913 989 3963; x_wconf 79' lang='lat' dir='ltr'>Broulh.</span> <span class='ocrx_word' id='word_1_282' title='bbox 1000 3913 1033 3963; x_wconf 80' lang='lat' dir='ltr'>sd</span> <span class='ocrx_word' id='word_1_283' title='bbox 1043 3912 1151 3977; x_wconf 83' lang='lat' dir='ltr'>Propert.</span> <span class='ocrx_word' id='word_1_284' title='bbox 1162 3909 1199 3959; x_wconf 82' lang='lat' dir='ltr'>iii.</span> <span class='ocrx_word' id='word_1_285' title='bbox 1209 3914 1309 3963; x_wconf 81' lang='lat' dir='ltr'>ver.52.</span> 
     </span>
     <span class='ocr_line' id='line_1_35' title="bbox 259 3981 1310 4051; baseline 0 -17"><span class='ocrx_word' id='word_1_286' title='bbox 259 3983 348 4034; x_wconf 79' lang='lat' dir='ltr'>ctsud.</span> <span class='ocrx_word' id='word_1_287' title='bbox 359 3984 378 4034; x_wconf 87' lang='lat' dir='ltr'>i.</span> <span class='ocrx_word' id='word_1_288' title='bbox 390 3981 458 4033; x_wconf 84' lang='lat' dir='ltr'>lsud.</span> <span class='ocrx_word' id='word_1_289' title='bbox 469 3982 525 4031; x_wconf 83' lang='lat' dir='ltr'>stit.</span> <span class='ocrx_word' id='word_1_290' title='bbox 539 3983 596 4032; x_wconf 77' lang='lat'>142.</span> <span class='ocrx_word' id='word_1_291' title='bbox 809 4002 887 4051; x_wconf 85' lang='lat' dir='ltr'>neque</span> <span class='ocrx_word' id='word_1_292' title='bbox 905 3994 986 4036; x_wconf 78' lang='lat' dir='ltr'>tumen</span> <span class='ocrx_word' id='word_1_293' title='bbox 1006 3985 1128 4050; x_wconf 85' lang='lat' dir='ltr'>rejicerem</span> <span class='ocrx_word' id='word_1_294' title='bbox 1147 3982 1236 4033; x_wconf 88' lang='lat' dir='ltr'>codicis</span> <span class='ocrx_word' id='word_1_295' title='bbox 1255 3985 1310 4035; x_wconf 81' lang='lat' dir='ltr'>Iei-</span> 
     </span>
     <span class='ocr_line' id='line_1_36' title="bbox 291 4056 1310 4123; baseline -0.002 -13"><span class='ocrx_word' id='word_1_296' title='bbox 291 4057 438 4105; x_wconf 75' lang='lat' dir='ltr'>——St&#39;c</span> <span class='ocrx_word' id='word_1_297' title='bbox 449 4056 676 4119; x_wconf 62' lang='lat' dir='ltr'>Hortuloqmdaw</span> <span class='ocrx_word' id='word_1_298' title='bbox 809 4060 889 4110; x_wconf 87' lang='lat' dir='ltr'>densis</span> <span class='ocrx_word' id='word_1_299' title='bbox 912 4060 1053 4110; x_wconf 82' lang='lat' dir='ltr'>lectionem:</span> <span class='ocrx_word' id='word_1_300' title='bbox 1080 4059 1106 4107; x_wconf 86' lang='lat' dir='ltr'>Si</span> <span class='ocrx_word' id='word_1_301' title='bbox 1126 4060 1217 4106; x_wconf 69' lang='lat' dir='ltr'>mereto</span> <span class='ocrx_word' id='word_1_302' title='bbox 1235 4064 1310 4123; x_wconf 77' lang='lat' dir='ltr'>stupri</span> 
     </span>
     <span class='ocr_line' id='line_1_37' title="bbox 292 4131 1308 4197; baseline 0.003 -16"><span class='ocrx_word' id='word_1_303' title='bbox 292 4131 618 4194; x_wconf 69' lang='lat' dir='ltr'>Ssumtontspotusmnelius</span> <span class='ocrx_word' id='word_1_304' title='bbox 629 4132 713 4178; x_wconf 79' lang='lat' dir='ltr'>tibroto</span> <span class='ocrx_word' id='word_1_305' title='bbox 721 4146 760 4192; x_wconf 86' lang='lat' dir='ltr'>ps·</span> <span class='ocrx_word' id='word_1_306' title='bbox 802 4134 875 4197; x_wconf 75' lang='lat' dir='ltr'>sueto</span> <span class='ocrx_word' id='word_1_307' title='bbox 887 4137 967 4196; x_wconf 79' lang='lat' dir='ltr'>priora</span> <span class='ocrx_word' id='word_1_308' title='bbox 978 4143 1047 4190; x_wconf 82' lang='lat' dir='ltr'>notes,</span> <span class='ocrx_word' id='word_1_309' title='bbox 1058 4132 1097 4181; x_wconf 87' lang='lat' dir='ltr'>vel</span> <span class='ocrx_word' id='word_1_310' title='bbox 1113 4141 1186 4188; x_wconf 83' lang='lat' dir='ltr'>notos,</span> <span class='ocrx_word' id='word_1_311' title='bbox 1196 4141 1268 4182; x_wconf 86' lang='lat' dir='ltr'>otest</span> <span class='ocrx_word' id='word_1_312' title='bbox 1283 4134 1308 4184; x_wconf 87' lang='lat' dir='ltr'>iu</span> 
     </span>
    </p>
   </div>
   <div class='ocr_carea' id='block_1_9' title="bbox 293 4208 760 4491">
    <p class='ocr_par' dir='ltr' id='par_1_11' title="bbox 293 4208 760 4491">
     <span class='ocr_line' id='line_1_38' title="bbox 293 4208 760 4343; baseline -0.002 -15"><span class='ocrx_word' id='word_1_313' title='bbox 293 4208 413 4336; x_wconf 53' lang='lat' dir='ltr'>blm,</span> <span class='ocrx_word' id='word_1_314' title='bbox 422 4295 465 4328; x_wconf 81' lang='lat' dir='ltr'>sse</span> <span class='ocrx_word' id='word_1_315' title='bbox 478 4279 554 4328; x_wconf 79' lang='lat' dir='ltr'>doliis</span> <span class='ocrx_word' id='word_1_316' title='bbox 570 4279 679 4328; x_wconf 75' lang='lat' dir='ltr'>titubavit</span> <span class='ocrx_word' id='word_1_317' title='bbox 688 4279 760 4343; x_wconf 78' lang='lat' dir='ltr'>signi·</span> 
     </span>
     <span class='ocr_line' id='line_1_39' title="bbox 317 4352 441 4418; baseline 0 -16"><span class='ocrx_word' id='word_1_318' title='bbox 317 4352 362 4418; x_wconf 78' lang='lat' dir='ltr'>fer</span> <span class='ocrx_word' id='word_1_319' title='bbox 371 4356 441 4402; x_wconf 64' lang='lat' dir='ltr'>ostds</span> 
     </span>
     <span class='ocr_line' id='line_1_40' title="bbox 295 4425 760 4491; baseline 0.004 -18"><span class='ocrx_word' id='word_1_320' title='bbox 295 4425 451 4491; x_wconf 68' lang='lat' dir='ltr'>Perpetuoque</span> <span class='ocrx_word' id='word_1_321' title='bbox 459 4442 525 4476; x_wconf 74' lang='lat' dir='ltr'>mss</span> <span class='ocrx_word' id='word_1_322' title='bbox 533 4429 644 4476; x_wconf 79' lang='lat' dir='ltr'>subducto</span> <span class='ocrx_word' id='word_1_323' title='bbox 654 4427 711 4476; x_wconf 80' lang='lat' dir='ltr'>stole</span> <span class='ocrx_word' id='word_1_324' title='bbox 718 4443 760 4489; x_wconf 85' lang='lat' dir='ltr'>po·</span> 
     </span>
    </p>
   </div>
   <div class='ocr_carea' id='block_1_10' title="bbox 297 4516 761 4698">
    <p class='ocr_par' dir='ltr' id='par_1_12' title="bbox 297 4516 761 4698">
     <span class='ocr_line' id='line_1_41' title="bbox 297 4516 761 4698; baseline 0 -59"><span class='ocrx_word' id='word_1_325' title='bbox 297 4516 761 4698; x_wconf 36' lang='lat' dir='ltr'>&amp;mmmmm</span> 
     </span>
    </p>
   </div>
   <div class='ocr_carea' id='block_1_11' title="bbox 810 4206 1308 4630">
    <p class='ocr_par' dir='ltr' id='par_1_13' title="bbox 810 4206 1308 4630">
     <span class='ocr_line' id='line_1_42' title="bbox 810 4206 1308 4271; baseline 0.004 -15"><span class='ocrx_word' id='word_1_326' title='bbox 810 4206 952 4256; x_wconf 62' lang='lat' dir='ltr'>ennete</span> <span class='ocrx_word' id='word_1_327' title='bbox 968 4214 1022 4271; x_wconf 87' lang='lat' dir='ltr'>post</span> <span class='ocrx_word' id='word_1_328' title='bbox 1032 4214 1067 4255; x_wconf 88' lang='lat' dir='ltr'>tot</span> <span class='ocrx_word' id='word_1_329' title='bbox 1083 4220 1181 4262; x_wconf 77' lang='lat' dir='ltr'>amores,</span> <span class='ocrx_word' id='word_1_330' title='bbox 1191 4220 1253 4255; x_wconf 87' lang='lat' dir='ltr'>nuuc</span> <span class='ocrx_word' id='word_1_331' title='bbox 1266 4223 1308 4258; x_wconf 88' lang='lat' dir='ltr'>cu-</span> 
     </span>
     <span class='ocr_line' id='line_1_43' title="bbox 810 4277 1308 4346; baseline -0.002 -17"><span class='ocrx_word' id='word_1_332' title='bbox 810 4279 876 4329; x_wconf 88' lang='lat' dir='ltr'>mulo</span> <span class='ocrx_word' id='word_1_333' title='bbox 886 4280 957 4345; x_wconf 89' lang='lat' dir='ltr'>hujus</span> <span class='ocrx_word' id='word_1_334' title='bbox 974 4279 1049 4345; x_wconf 87' lang='lat' dir='ltr'>stupri</span> <span class='ocrx_word' id='word_1_335' title='bbox 1067 4287 1135 4329; x_wconf 70' lang='lat' dir='ltr'>notu</span> <span class='ocrx_word' id='word_1_336' title='bbox 1144 4277 1208 4328; x_wconf 84' lang='lat' dir='ltr'>lscts</span> <span class='ocrx_word' id='word_1_337' title='bbox 1222 4281 1308 4346; x_wconf 78' lang='lat' dir='ltr'>prices.</span> 
     </span>
     <span class='ocr_line' id='line_1_44' title="bbox 812 4351 1306 4420; baseline 0.014 -19"><span class='ocrx_word' id='word_1_338' title='bbox 812 4352 886 4415; x_wconf 78' lang='lat' dir='ltr'>Turpi</span> <span class='ocrx_word' id='word_1_339' title='bbox 912 4352 940 4401; x_wconf 83' lang='lat' dir='ltr'>iu</span> <span class='ocrx_word' id='word_1_340' title='bbox 964 4351 1031 4402; x_wconf 85' lang='lat' dir='ltr'>nullo</span> <span class='ocrx_word' id='word_1_341' title='bbox 1051 4352 1133 4403; x_wconf 88' lang='lat' dir='ltr'>codice</span> <span class='ocrx_word' id='word_1_342' title='bbox 1156 4354 1306 4420; x_wconf 82' lang='lat' dir='ltr'>conspicitur.</span> 
     </span>
     <span class='ocr_line' id='line_1_45' title="bbox 811 4427 1237 4496; baseline 0.005 -20"><span class='ocrx_word' id='word_1_343' title='bbox 811 4427 896 4477; x_wconf 84' lang='lat' dir='ltr'>Douss</span> <span class='ocrx_word' id='word_1_344' title='bbox 906 4442 937 4477; x_wconf 82' lang='lat' dir='ltr'>es</span> <span class='ocrx_word' id='word_1_345' title='bbox 947 4442 990 4476; x_wconf 83' lang='lat' dir='ltr'>suo</span> <span class='ocrx_word' id='word_1_346' title='bbox 999 4427 1081 4478; x_wconf 89' lang='lat' dir='ltr'>codice</span> <span class='ocrx_word' id='word_1_347' title='bbox 1090 4427 1237 4496; x_wconf 80' lang='lat' dir='ltr'>proterebst:</span> 
     </span>
     <span class='ocr_line' id='line_1_46' title="bbox 843 4501 1308 4570; baseline 0.004 -19"><span class='ocrx_word' id='word_1_348' title='bbox 843 4501 869 4551; x_wconf 74' lang='lat' dir='ltr'>St</span> <span class='ocrx_word' id='word_1_349' title='bbox 878 4503 984 4552; x_wconf 66' lang='lat' dir='ltr'>mesto</span> <span class='ocrx_word' id='word_1_350' title='bbox 992 4502 1136 4570; x_wconf 68' lang='lat' dir='ltr'>superjacta</span> <span class='ocrx_word' id='word_1_351' title='bbox 1144 4504 1308 4567; x_wconf 54' lang='lat' dir='ltr'>pammac?</span> 
     </span>
     <span class='ocr_line' id='line_1_47' title="bbox 1184 4578 1274 4630; baseline 0.033 -3"><span class='ocrx_word' id='word_1_352' title='bbox 1184 4578 1274 4630; x_wconf 69' lang='lat' dir='ltr'>Busa.</span> 
     </span>
    </p>
   </div>
   <div class='ocr_carea' id='block_1_12' title="bbox 0 0 1806 5924">
    <p class='ocr_par' dir='ltr' id='par_1_14' title="bbox 0 0 1806 5924">
     <span class='ocr_line' id='line_1_48' title="bbox 0 0 1806 5924; baseline 0 0"><span class='ocrx_word' id='word_1_353' title='bbox 0 0 1806 5924; x_wconf 95' lang='lat' dir='ltr'> </span> 
     </span>
    </p>
   </div>
  </div>
 </body>
</html>
