3600 5925
577 786 838 854 nanomas.
861 785 934 854 aa.
957 787 1020 854 ιιι.
1254 788 1323 888 ,ιιι

278 961 406 1037 Flecte
415 960 515 1037 feros
526 960 682 1036 animos.
700 960 826 1061 potuit
835 983 1075 1059 corrumpere
1083 972 1231 1039 taurum
1252 966 1321 1037 165

327 1076 465 1152 Mater.
493 1076 567 1151 eris
583 1086 690 1150 tauro
708 1076 838 1149 soevior
854 1076 938 1175 ipse
954 1077 1075 1150 truci?

277 1190 355 1266 Per
365 1191 552 1268 Venerem
565 1214 712 1292 parcas,
723 1212 800 1277 orn,
813 1212 897 1288 quae
911 1191 1070 1289 plurima
1082 1216 1232 1267 mecum
1245 1203 1320 1266 est:

329 1305 394 1382 Sic
412 1331 632 1407 numquam,
652 1330 736 1405 quoe
752 1317 792 1381 te
809 1329 985 1405 spernere
1002 1310 1134 1409 possit,
1153 1334 1269 1386 ames.

280 1421 345 1496 Sic
362 1424 430 1497 tibi
450 1425 606 1498 secretis
625 1422 732 1520 agilis
751 1421 835 1497 Dea
851 1423 1008 1498 saltibus
1026 1425 1136 1512 adsit,

330 1538 510 1638 Silvaque
526 1539 739 1639 perdendas
755 1539 923 1637 praebeat
938 1541 1015 1614 alta
1030 1540 1140 1615 leros.
1251 1546 1322 1614 170

278 1653 346 1726 Sic
363 1654 512 1730 faveant
530 1657 670 1754 Satyri,
689 1664 943 1753 montanaque
959 1656 1113 1730 numina
1127 1655 1271 1730 Panes:

330 1767 381 1843 Et
397 1771 508 1845 cadat
524 1772 681 1845 adversa
697 1770 856 1869 cuspide
874 1769 996 1845 fossus
1014 1795 1117 1870 aper.

276 2052 330 2087 cem
339 2035 387 2086 illis
396 2037 548 2102 prestabant.
559 2038 614 2087 vide
629 2036 732 2086 Salmas.
743 2035 775 2086 de
826 2037 1176 2105 Utpcstmemontosmnjoten
1184 2038 1326 2087 nuncetiam

279 2111 353 2161 Modo
364 2111 464 2161 Usum.
480 2129 507 2178 p.
522 2112 577 2161 1³8.
587 2111 670 2179 Ampl.
683 2112 773 2178 Cuper.
824 2110 973 2160 nobilitatem
987 2111 1074 2160 natalis
1089 2111 1133 2160 soli
1145 2110 1230 2176 jactet,
1243 2122 1268 2159 ct
1283 2111 1326 2160 ob·

282 2187 306 2234 1.
316 2186 407 2235 observ.
419 2187 461 2234 20.
472 2194 497 2235 st
513 2185 553 2235 cl.
564 2187 671 2236 Perizon.
682 2185 713 2235 ad
729 2187 775 2235 Ε·
824 2199 892 2233 scote
907 2184 1020 2234 inducere
1034 2192 1111 2234 tentet
1124 2183 1287 2249 Hippolytum,
1298 2192 1326 2232 ut

278 2258 337 2308 tito.
351 2259 386 2308 iv.
399 2260 424 2306 1.
440 2259 504 2309 unde
518 2258 591 2308 etiam
601 2259 776 2325 sepedosipsa
824 2256 1323 2315 siTheseatimeat,secumabeatinCre-

279 2334 429 2384 illamnncn
437 2335 590 2391 vocabantur,
600 2343 629 2383 ut
637 2343 705 2384 notat
715 2334 775 2383 Bar·
823 2340 874 2390 ten,
889 2331 932 2381 ubi
946 2340 1028 2381 contu
1041 2332 1119 2380 Patris
1134 2330 1183 2380 vim
1199 2338 1264 2379 tutus
1273 2346 1325 2380 asse

278 2407 343 2457 thius
358 2407 389 2457 ad
405 2408 492 2458 maun.
507 2407 525 2456 i.
537 2407 568 2456 de
586 2408 661 2474 Rapt.
676 2409 718 2457 28.
732 2407 776 2457 sed
824 2405 907 2472 possit,
914 2415 939 2456 st
948 2415 1033 2456 voveat
1042 2404 1087 2472 ipsi
1096 2404 1180 2471 magis,
1190 2420 1323 2470 quampro-

279 2497 327 2531 non
336 2482 708 2549 perpetuamumeohancluisse
718 2499 775 2533 con·
825 2480 906 2531 mittat
914 2497 1021 2546 regnum.
1038 2488 1063 2530 et
1071 2479 1126 2529 ideo
1132 2495 1234 2545 nequens
1244 2496 1325 2528 versus

278 2556 438 2613 metndinem,
448 2557 491 2606 sed
501 2565 527 2606 et
536 2557 629 2606 dotatas
640 2554 712 2606 etiam
722 2558 774 2607 He·
825 2570 868 2621 pro
884 2564 940 2604 voto
956 2554 1094 2621 capiendos,
1108 2563 1134 2603 et
1148 2554 1173 2604 iu
1188 2552 1323 2619 parenthesi

280 2629 337 2679 mici
354 2630 430 2680 seculi
447 2630 541 2696 puellas
557 2630 588 2680 ad
603 2630 665 2680 viros
681 2630 777 2681 venisse
826 2628 962 2694 ponendus:

278 2711 347 2768 patet
362 2718 392 2752 ex
411 2704 523 2770 Apollon.
541 2704 624 2754 Rhod.
640 2704 666 2753 ii.
680 2707 774 2755 nm.
859 2700 1282 2768 ScrniotHlppolytongintotomsn.

279 2776 388 2842 Euripid.
402 2776 502 2843 llippnl.
518 2778 575 2826 6⁷25.
591 2785 617 2826 et
626 2777 688 2826 aliis.
713 2779 777 2843 quod
827 2774 926 2824 Utinam
941 2776 1018 2824 Patris
1031 2777 1109 2826 Mmoi
1125 2776 1173 2824 mei
1189 2775 1255 2839 regia
1271 2789 1324 2823 meo

278 2858 339 2900 tnnc
354 2850 474 2916 precipue
492 2865 536 2899 usu
552 2850 703 2908 accubanti
719 2850 779 2900 nulli
827 2847 958 2914 Hippolyto
968 2848 1072 2907 cederet,
1082 2858 1107 2898 et
1114 2848 1220 2898 serviret.
1236 2847 1261 2895 in
1272 2846 1324 2911 qui-

278 2932 360 2974 essent
376 2922 426 2972 illis
442 2922 534 2982 fratrea
550 2931 576 2972 et
591 2922 647 2973 ideo
663 2922 780 2974 successio
826 2920 927 2971 busdam
934 2921 1057 2973 codictlnns
1063 2932 1100 2973 est
1109 2925 1199 2979 serunt,
1209 2921 1272 2987 quod
1282 2921 1323 2971 ad·

278 2999 312 3047 ad
332 2998 386 3047 illas
406 2997 545 3054 deferretur,
565 3005 593 3047 ut
619 2997 653 3047 ita
679 2998 780 3063 epistola
827 2996 982 3046 firmationem
998 2998 1136 3053 contineret,
1149 2995 1217 3061 quasi
1234 2993 1325 3061 Hippo-

278 3078 347 3121 sexta
354 3070 486 3137 Hypsipyle
493 3073 591 3119 dotalem
600 3071 778 3121 laemnonrectc
827 3069 877 3134 lyto
882 3070 1009 3135 sponderet
1017 3086 1123 3135 regnum
1134 3080 1161 3120 ut
1171 3069 1234 3136 apud
1240 3070 1324 3119 Silium

278 3143 779 3208 offertJesonnnequeioeoerrovisPoeta
826 3142 863 3192 iii.
887 3145 942 3191 156.
976 3143 1072 3208 Thybris
1089 3147 1130 3193 tibi
1145 3147 1225 3193 seruiet
1243 3161 1324 3194 omnes.

279 3229 365 3275 noster,
372 3226 400 3267 ut
409 3217 505 3267 volebat
512 3218 650 3267 Salmasius.
661 3226 778 3283 praetcrea
827 3215 940 3266 Francius
950 3217 1094 3282 corrigebat:

276 3292 354 3358 siqua
361 3290 449 3340 femina
454 3306 542 3339 ιιοιιιιιι
549 3291 662 3340 conderet
667 3307 776 3356 regnum,
859 3291 949 3340 &wint
959 3291 1085 3355 Hippolyto
1094 3294 1133 3341 dos
1143 3309 1169 3341 eo
1176 3303 1224 3341 toto
1234 3310 1290 3342 meo.

277 3373 370 3431 poterat
379 3364 440 3413 illud
450 3364 500 3413 viro
510 3363 662 3420 dotaledarn
672 3371 700 3412 ut
711 3363 777 3412 Dido
826 3364 874 3413 Sed
889 3380 935 3430 ego
950 3373 1042 3414 tantum
1060 3364 1119 3414 mihi
1138 3382 1185 3422 non
1203 3367 1322 3432 permitto.

276 3441 364 3488 AEnea
379 3438 449 3487 offert
458 3437 522 3502 apud
532 3436 620 3501 virgil.
630 3437 665 3486 iv.
677 3436 777 3486 AEneid.
827 3439 916 3489 Bonis.

279 3514 336 3562 10³.
352 3513 434 3572 Quare
443 3512 596 3561 statuendum
605 3512 777 3569 videtur.Po'e'·
860 3514 916 3564 166.
927 3511 1096 3581 Plecteferch
1110 3514 1182 3564 Feros
1191 3514 1325 3564 Sanmvian.

276 3595 327 3636 tam
348 3585 388 3634 hic
406 3584 445 3634 vel
462 3599 509 3633 non
523 3584 581 3634 satis
597 3585 726 3634 attendisse
746 3586 778 3635 ad
827 3586 869 3637 sed
892 3587 965 3637 male.
1004 3587 1120 3637 catalect.
1147 3588 1212 3637 Pith.
1232 3604 1259 3653 p.
1281 3589 1323 3635 46.

277 3662 429 3726 antiquorum
440 3668 572 3726 tcmpomm
582 3658 706 3716 rationem,
715 3667 778 3709 utet
827 3660 905 3711 Flecte
925 3672 1001 3710 traces
1020 3665 1113 3710 animos.
1139 3671 1167 3710 ut
1187 3661 1274 3710 licina·
1293 3660 1325 3708 ad

276 3734 421 3800 insequenti
431 3732 539 3798 Epistola
546 3733 640 3799 lapsum
650 3734 702 3800 ejus
712 3733 778 3783 vide·
827 3735 899 3785 Ouid.
909 3736 935 3785 ii.
951 3736 1015 3784 Met.
1027 3737 1085 3784 482.
1102 3735 1211 3784 correxit.
1229 3733 1271 3783 sed
1288 3734 1324 3781 ni·

277 3810 364 3864 bimus,
381 3806 419 3855 vel
434 3806 609 3872 illum,pamm
625 3805 656 3855 de
672 3806 776 3872 antiqui·
826 3809 953 3859 hilominus
970 3808 1089 3858 distichon
1108 3809 1154 3857 hoc
1177 3806 1258 3857 nescio
1278 3822 1325 3870 quo

276 3890 327 3932 tate
347 3880 483 3937 sollicitum,
504 3880 584 3930 omnia
604 3880 712 3930 Phaedra
737 3881 776 3931 ni·
826 3883 896 3933 modo
916 3900 965 3933 non
984 3882 1107 3940 ntislacit,
1128 3898 1172 3931 nec
1199 3879 1324 3930 ovidiana

277 3956 356 4007 tuine
369 3955 496 4012 lenocinia,
506 3954 593 4021 quibus
609 3964 700 4005 castum
716 3955 778 4022 lstp·
827 3973 893 4007 vena
905 3956 1065 4012 essevidetur,
1075 3965 1103 4004 ut
1113 3954 1210 4004 fortasae
1220 3970 1324 4018 equeac

277 4030 385 4097 polytum
406 4044 554 4095 corrumpere
574 4038 662 4094 posset,
679 4038 705 4078 at
724 4029 779 4080 ideo
827 4029 964 4096 procedens
973 4028 1136 4077 sitiutrnsum.
1168 4025 1255 4093 Aptius
1262 4028 1325 4077 enim

277 4103 409 4170 splendide
426 4102 498 4152 etiam
515 4101 577 4152 dotis
587 4102 732 4153 mentionem
742 4103 778 4153 in·
828 4103 904 4154 oratio
916 4100 1052 4168 procederet
1068 4100 1145 4151 siilla
1159 4110 1325 4153 connecteren-

273 4177 370 4244 jecisae.
386 4176 451 4242 quod
466 4177 527 4227 lorte
537 4177 686 4227 Hubertiuus
696 4178 780 4235 soluit.
828 4187 876 4236 tur,
920 4221 922 4223 ,

276 4251 319 4317 qni
340 4250 371 4299 ad
392 4251 455 4300 hunc
476 4251 555 4301 locum
573 4251 673 4301 oratorio
691 4252 778 4316 magis,
896 4250 995 4300 Eun-’M
1007 4252 1084 4298 sinon
1096 4253 1129 4299 nis
1141 4267 1243 4314 parom,
1255 4269 1325 4315 parce

277 4338 350 4390 quam
368 4322 478 4373 historico
495 4340 559 4374 more
576 4323 644 4390 loqui
661 4324 777 4376 Ovidium
955 4325 1018 4373 mis.

277 4397 379 4447 notavit.
391 4397 450 4447 forte
460 4407 539 4465 posset
549 4406 575 4448 et
584 4398 646 4464 legi:
860 4400 908 4449 Per
920 4397 1026 4450 Venerem
1034 4400 1236 4462 porcas‚orc‚&c.

313 4472 356 4521 Est
366 4473 420 4520 niti
428 4474 515 4523 natulis
531 4474 608 4532 tellus,
618 4472 682 4524 louis
690 4475 777 4532 imula,
1205 4475 1293 4529 Boas.

345 4545 420 4597 Orate.

311 4625 389 4676 VOI.
405 4625 427 4676 1.
888 4629 910 4678 E
