3600 5925
461 746 526 810 306
753 747 791 809 Ρ.
814 741 976 810 OVIDII
1000 739 1211 808 NASONIS

464 920 559 1004 Quas
576 933 617 993 tu
633 917 850 1005 reddideris,
868 941 940 1014 ego
957 917 1098 1016 primus
1115 913 1251 1015 pocula
1264 937 1429 991 sumam:

514 1035 565 1110 Et
581 1061 658 1135 qua
675 1048 715 1109 tu
734 1034 885 1120 bibetis,
904 1035 974 1108 hac
992 1057 1064 1130 ego
1080 1043 1186 1132 parte
1203 1032 1344 1107 bibam.

467 1155 507 1226 Si
525 1154 593 1227 tibi
611 1153 705 1227 forte
722 1154 839 1239 dabit,
859 1176 954 1249 quos
973 1151 1257 1250 praegustaverit
1273 1152 1367 1250 ipse,

516 1269 649 1368 Rejice
665 1270 802 1344 libatos
820 1269 919 1342 illius
937 1293 1001 1342 ore
1017 1270 1136 1342 cibos,

466 1387 502 1460 N
506 1410 548 1461 ec
566 1400 713 1487 premat
730 1385 913 1485 impositis
931 1381 1042 1459 sinito
1059 1394 1126 1458 tua
1141 1384 1238 1458 colla
1254 1384 1425 1457 lacertis:
1454 1387 1504 1455 35

515 1504 612 1578 Mite
629 1529 699 1578 nec
717 1506 755 1577 in
773 1504 892 1600 rigido
910 1512 1063 1602 pectore
1080 1525 1178 1600 pone
1195 1511 1321 1599 caput.

467 1621 503 1694 N
505 1645 548 1695 ee
566 1623 669 1695 sinus
687 1622 860 1695 admittat
876 1620 1025 1717 digitos,
1045 1619 1235 1692 habilesve
1252 1615 1412 1716 papillae.

514 1739 658 1811 Oscula
673 1738 861 1836 praecipue
878 1736 981 1809 nulla
996 1733 1148 1808 dedisse
1163 1733 1268 1806 velie.

467 1854 611 1927 Oscula
627 1855 659 1926 si
675 1854 836 1939 dederis,
855 1852 943 1925 fiam
960 1849 1180 1924 manifestus
1197 1859 1360 1922 amator:

518 1971 569 2045 Et
584 1971 719 2059 dicam,
740 1970 831 2046 Mea
847 1981 955 2043 sunt:
983 1968 1224 2064 injiciamque
1241 1988 1386 2037 manus.
1456 1967 1506 2035 40

468 2085 561 2160 Haec
575 2098 701 2160 tamen
714 2086 937 2185 adspiciam:
958 2084 1026 2157 sed
1037 2107 1122 2180 quae
1135 2084 1231 2156 bene
1243 2082 1357 2181 pallia
1368 2081 1504 2164 celant,

517 2202 588 2275 Illa
605 2204 695 2275 mihi
713 2204 801 2278 caeci
822 2225 957 2280 caussa
973 2201 1116 2274 timoris
1133 2211 1254 2275 emnt.

467 2317 503 2390 N
507 2342 549 2391 ec
567 2317 696 2391 femori
714 2319 905 2392 committe
923 2318 1054 2406 femur,
1074 2342 1144 2392 nec
1161 2341 1268 2391 crure
1285 2317 1452 2390 cohaere:

516 2431 598 2507 Nec
617 2445 787 2507 tenemm
804 2435 898 2508 duro
916 2458 1002 2508 cum
1021 2435 1117 2533 pede
1131 2436 1249 2533 junge
1267 2433 1416 2532 pedem.

466 2546 591 2621 Multa
606 2549 720 2622 miser
736 2550 863 2636 timeo,
882 2550 974 2648 quia
990 2549 1062 2624 feci
1079 2551 1197 2623 multa
1213 2559 1405 2648 proterve:
1457 2549 1508 2618 45

517 2663 769 2763 Exemplique
786 2677 890 2740 metu
907 2675 1083 2762 torqueor
1100 2667 1181 2763 ipse
1194 2664 1280 2738 mei.

467 2779 578 2879 Saepe
595 2780 698 2867 mihi,
711 2781 948 2877 dominaeque
965 2803 1058 2853 meae
1073 2790 1271 2880 properata
1285 2780 1458 2877 voluptas

515 2895 633 2971 Veste
650 2899 721 2972 sub
739 2897 877 2997 injecta
893 2899 1003 2972 dulce
1019 2896 1165 2997 peregit
1180 2920 1288 2997 opus.

467 3010 550 3085 Hoc
568 3025 608 3087 tu
626 3037 700 3087 non
717 3014 853 3089 facies:
881 3016 949 3089 sed
968 3039 1015 3088 ne
1032 3015 1166 3089 fecisse
1184 3013 1338 3113 puteris,

399 3148 407 3171 ⁸
518 3128 682 3203 Conscia
698 3131 746 3207 de
763 3133 905 3228 gremio
922 3133 1037 3231 pallia
1052 3133 1163 3206 deme
1181 3140 1257 3204 tuo.
1456 3130 1508 3199 50

467 3241 643 3317 Virbibat
653 3270 773 3343 usque
784 3270 891 3344 roga:
907 3249 1081 3346 precibus
1092 3258 1216 3322 tamen
1223 3246 1353 3320 oscula
1361 3243 1503 3333 desint;

407 3396 408 3399 ¹
516 3359 694 3458 Dumque
712 3362 819 3448 bibit,
838 3363 964 3435 furtim
983 3365 1031 3461 (si
1048 3363 1174 3462 potes)
1192 3363 1290 3436 adde
1307 3383 1461 3435 memm.

468 3474 508 3547 Si
527 3477 623 3550 bene
641 3478 870 3575 compositus
889 3503 1021 3552 somno
1037 3479 1199 3576 vinoque
1211 3476 1377 3575 jacebit;

516 3591 725 3666 Consilium
742 3593 851 3665 nobis
868 3616 1004 3691 resque
1021 3596 1202 3691 locusque
1218 3593 1375 3667 dabunt.

499 3839 540 3886 41.
556 3839 600 3888 Sed
614 3857 662 3903 quc
673 3838 961 3902 benepolliaceloot‚1llo
1010 3840 1108 3906 κὸςγᾶρ
1118 3839 1225 3901 ilmina
1235 3838 1363 3905 ulpssulb
1374 3838 1511 3905 Σωκράτης.

466 3912 522 3960 mili
539 3915 591 3962 ceci
608 3931 676 3962 emisa
693 3916 777 3961 timoris
793 3914 882 3977 erant]
903 3914 962 3962 Caci
1010 3916 1051 3963 καὶ
1062 3913 1113 3963 ὑπὸ
1126 3913 1187 3978 μίαν
1195 3912 1354 3976 Ἀλκιβιάδης
1369 3913 1442 3979 αὐτῷ
1450 3911 1512 3978 xlsi-

467 3988 561 4043 timoris,
581 3986 658 4053 iuquit
677 3987 859 4043 commentator,
874 3987 899 4036 id
915 3995 960 4044 est,
1012 3987 1067 4039 vada
1077 3988 1165 4046 κλιθεὶς
1174 3988 1218 4037 οὐκ
1225 3990 1311 4050 dudo}
1319 3987 1422 4049 ἀνέστη.
1433 3996 1458 4037 et
1468 3987 1512 4036 boc

466 4060 629 4125 praecipitiset
642 4059 756 4108 maximi:
773 4060 963 4125 quodegonuu·
1012 4071 1049 4112 est
1069 4065 1297 4111 oesticmtubemiom
1317 4062 1438 4120 Petronio,
1457 4076 1512 4127 cap.

466 4134 605 4199 quamlegi.
637 4135 753 4200 Fgovero
764 4135 853 4182 &mm
864 4138 964 4183 timoren
1013 4136 1048 4185 xi.

466 4206 565 4271 accipio,
578 4224 621 4273 pro
636 4208 729 4258 occulto
746 4217 770 4257 et
786 4209 890 4258 latente:
908 4224 961 4274 per·
1047 4211 1088 4259 53.
1103 4210 1128 4257 Si
1139 4210 1192 4259 bons
1201 4209 1353 4274 compositus]
1365 4208 1457 4258 Masius
1467 4222 1511 4255 ex·

466 4276 521 4327 inde
531 4280 678 4339 dedicimus,
691 4283 778 4330 Cacum
791 4284 918 4339 malumst
930 4281 961 4330 si·
1011 4284 1085 4350 ponit,
1107 4287 1160 4334 bene
1180 4293 1202 4334 et
1218 4286 1281 4333 laute
1297 4294 1399 4333 curatus.
1419 4280 1511 4330 rectius

465 4349 541 4398 milia·
558 4354 703 4405 Micmus.
728 4355 795 4405 Unus
805 4355 963 4413 Morcusm'
1012 4357 1066 4405 vino
1077 4365 1102 4406 el
1112 4373 1194 4406 somno
1207 4359 1317 4421 sepultua
1333 4364 1361 4404 ut
1376 4353 1433 4404 dmi
1445 4353 1511 4403 Nos·

466 4425 558 4472 tineus.
574 4426 673 4484 Douw,
686 4429 769 4493 Magni
779 4432 874 4478 amora.
1012 4438 1054 4488 ter,
1073 4430 1188 4496 Virgilius
1201 4441 1225 4480 et
1242 4431 1282 4480 alii
1298 4432 1434 4496 loquuntur.
1450 4445 1511 4477 com·

499 4496 540 4544 48.
557 4497 718 4564 dimisissem]
738 4502 822 4552 Douza
833 4502 962 4567 adscripse-
1010 4520 1092 4566 pouero
1110 4505 1174 4555 euim
1194 4505 1317 4556 funestum
1337 4519 1390 4554 esse
1411 4503 1512 4554 verbum

466 4566 851 4624 millaLucianiexAmoribus:
865 4573 962 4640 Ἔρωτι·
1009 4576 1137 4644 jampueri
1147 4588 1242 4628 norunt.
1276 4579 1368 4628 Bau.
