3600 5925
562 793 822 860 HEROIDES.
847 791 918 857 ΕΡ.
942 790 1066 857 XVII.
1273 791 1339 856 225

293 970 410 1045 Fama
425 977 553 1043 tamen
566 968 668 1041 clara
680 977 758 1040 est:
780 977 819 1040 et
835 964 959 1040 adbuc
973 964 1054 1037 sine
1071 964 1224 1038 erimine
1237 964 1333 1037 vixi:

344 1085 394 1160 Et
411 1085 563 1159 laudem
581 1083 629 1156 de
646 1107 707 1156 rne
725 1083 850 1154 nullus
868 1081 1015 1153 adulter
1032 1081 1158 1153 habet.

292 1200 378 1285 Quo
396 1201 515 1298 magis
534 1199 707 1284 admiror,
727 1222 812 1294 quae
831 1198 881 1270 sit
897 1196 1037 1270 fiducia
1052 1196 1185 1294 ooepti;

343 1316 536 1415 Spemque
554 1314 624 1388 tori
641 1314 787 1388 dederit
804 1337 889 1411 quae
907 1314 974 1386 tibi
993 1337 1129 1387 caussa
1146 1312 1233 1385 mei.
1287 1317 1336 1385 20

292 1431 364 1518 An,
385 1434 474 1529 quia
490 1432 565 1506 vim
582 1432 690 1506 nobis
710 1431 924 1529 Neptunius
943 1430 1068 1503 attulit
1085 1429 1216 1502 heros:

342 1548 470 1647 Rapta
486 1550 616 1634 semel,
634 1549 762 1621 videor
778 1548 837 1620 bis
855 1569 1009 1643 quoque
1026 1546 1142 1640 digna
1158 1543 1260 1641 rapi?

293 1663 447 1737 Crimen
464 1676 544 1739 erat
561 1675 741 1748 nostrum,
761 1662 792 1734 si
810 1661 976 1735 delenita
991 1659 1159 1733 fuis'sem.

343 1778 443 1851 Cum
462 1781 531 1853 sim
550 1792 668 1879 rapta,
688 1803 814 1854 meum
832 1777 937 1875 quid,
956 1776 1028 1848 nisi
1045 1775 1156 1859 nolle,
1174 1772 1269 1846 fuit?

293 1892 380 1967 Non
398 1906 523 1970 tamen
541 1920 562 1970 e
580 1895 679 1970 sacto
695 1894 861 1966 fructum
878 1892 966 1965 tulit
982 1890 1045 1963 ille
1062 1889 1243 1987 petitum:
1287 1891 1335 1960 25

343 2008 527 2109 Excepto,
545 2010 637 2084 redii
655 2032 780 2108 passa,
798 2008 944 2092 timore,
963 2004 1089 2078 nihil.-

293 2122 435 2199 Oscula
450 2127 606 2200 luctanti
624 2123 884 2199 tantummodo
902 2144 1026 2220 pauca
1041 2131 1236 2217 protervus

340 2238 529 2315 Abstulit:
558 2241 713 2314 ulterius
731 2239 782 2311 nil
800 2239 917 2312 babet
933 2236 996 2310 ille
1013 2236 1101 2309 mei.

290 2533 334 2566 nur
344 2519 463 2570 aberrans.
480 2522 536 2572 hinc
546 2527 608 2572 eden
617 2525 648 2573 ab
659 2523 787 2572 1111εωίιί-
836 2519 942 2569 imitatur
952 2518 1086 2573 Maronem,
1094 2516 1135 2582 qui
1145 2516 1188 2566 lib.
1198 2513 1226 2563 ii.
1238 2512 1335 2562 AEneid.

289 2592 331 2648 eir.
349 2594 380 2642 ab
400 2594 455 2645 aliia
474 2600 551 2646 videor
567 2599 667 2648 lactum.
700 2600 785 2646 Senec.
837 2595 878 2642 75.
914 2593 970 2647 Que
980 2586 1335 2655 ritfidueiueoepto,utquidarn

290 2665 363 2714 Here.
373 2668 422 2717 OEt.
433 2671 488 2719 166.
836 2665 878 2714 illo
888 2666 940 2714 loco
951 2665 1042 2730 legunt.
1060 2664 1102 2713 aed
1114 2663 1198 2712 melius
1207 2672 1243 2711 est
1258 2663 1334 2722 capti.

324 2740 381 2795 Qui,
399 2739 608 2802 wuueBrirr-eurss
622 2748 672 2809 quir
686 2748 788 2794 tumidus
837 2749 861 2788 et
875 2742 992 2804 fiduciam
1018 2754 1073 2786 oum
1098 2736 1202 2802 genitivo
1222 2734 1336 2785 construit

355 2815 432 2881 ⁶380·
838 2823 925 2872 Noster
935 2821 1030 2888 passim,
1041 2831 1066 2870 et
1082 2821 1146 2871 idem
1158 2819 1245 2885 Virgil.
1261 2817 1305 2866 lib.
1318 2817 1335 2866 i.

324 2889 374 2937 11oe
383 2893 450 2939 nurci
461 2895 553 2958 rigori
840 2899 896 2945 132.

289 2962 650 3032 ldestrultutamrigidosuit.
668 2966 731 3016 idem
739 2967 787 3016 Pu·
872 2971 976 3019 Tantum
997 2987 1033 3019 vor
1049 2971 1140 3035 generis
1157 2969 1231 3016 terruit
1242 2966 1336 3029 fiducia

290 3046 397 3096 meus,
415 3044 461 3089 viai
480 3057 522 3107 pro
532 3044 585 3096 luri,
595 3041 689 3090 diversa
705 3041 787 3089 itidem
902 3047 981 3093 vestri.
1215 3041 1303 3088 Burri.

289 3110 390 3161 lectione
417 3114 526 3178 sequenti
548 3131 625 3162 versu.
652 3124 678 3163 ut
699 3125 723 3163 et
746 3114 787 3163 alii
869 3119 912 3166 21.
930 3116 1039 3179 intulit]
1062 3115 1092 3163 In
1110 3112 1237 3171 nonnullis,
1254 3113 1336 3161 attulit

290 3184 367 3235 multi.
384 3186 426 3235 red
438 3190 596 3252 luriprrertat.
623 3188 735 3238 Ceterum
746 3203 788 3253 pro
839 3193 920 3242 Heron.
942 3192 1105 3240 Nruuenrue.
1139 3188 1227 3237 Attulit
1247 3186 1335 3235 Putea·

281 3259 351 3324 sm
361 3269 436 3309 ‘mn
445 3263 511 3309 clm
518 3271 560 3317 αἳ»
569 3260 663 3310 videtur
672 3277 787 3327 1012011011·
837 3284 896 3317 ueur
912 3281 967 3315 cunr
985 3263 1062 3330 prima
1079 3262 1183 3312 editione
1199 3271 1224 3310 et
1238 3259 1336 3327 Scriptis

289 3332 354 3391 dnm,
364 3350 419 3383 eoru
428 3345 470 3384 ert.
487 3350 565 3383 earnm
580 3334 652 3383 habui
667 3335 787 3385 existima·
835 3340 952 3408 plurimis.
964 3339 1020 3387 Art.
1030 3338 1087 3386 Ain.
1099 3337 1141 3386 lib.
1152 3337 1170 3385 i.
1188 3337 1244 3385 679.
1255 3352 1284 3384 ex
1295 3351 1334 3385 eo-

289 3406 377 3456 tionem
392 3424 478 3457 meam.
499 3410 568 3458 lama
591 3408 716 3459 celebritas
741 3409 785 3459 boc
835 3415 929 3465 dicibue
938 3413 1047 3479 ecriptir:

288 3481 341 3531 loco
351 3483 429 3531 minue
439 3482 562 3532 commode
575 3492 713 3533 ostentatur.
729 3501 785 3534 con·
871 3491 921 3538 Vter
935 3505 1002 3551 poeta
1016 3497 1049 3537 eet
1060 3486 1147 3544 Prote,
1158 3488 1192 3535 vir
1207 3495 1239 3534 eet
1255 3485 1335 3534 adlato

289 3555 402 3604 traDido
412 3556 454 3605 ille
468 3556 532 3622 apud
542 3556 628 3620 virgin
645 3557 786 3608 iniuncti.
900 3566 980 3612 rorori.

292 3631 348 3679 170.
836 3636 914 3687 Cicer.
933 3634 1040 3701 Philipp.
1061 3633 1089 3683 11.
1126 3633 1157 3681 Ut
1177 3634 1221 3681 tlte
1241 3628 1335 3695 (aedo)

324 3703 403 3767 Neque
413 3706 471 3752 enin
481 3705 649 3769 rpoeiejmu
659 3715 769 3755 moraw-
836 3711 927 3777 quein
945 3719 1038 3759 mutue
1056 3709 1159 3757 consulto
1171 3707 1268 3769 fierent,
1290 3705 1335 3752 eim

664 3780 754 3830 Hrrue.
836 3785 966 3849 &suebum
983 3783 1087 3831 Senatui.
1104 3780 1162 3829 Act.
1177 3779 1205 3827 ii.
1220 3778 1245 3826 in
1264 3779 1334 3828 Verr.

289 3850 356 3900 Nulli
373 3850 456 3900 barum
466 3850 658 3901 emendationum
667 3853 787 3902 calculum
838 3855 914 3910 Qum
927 3856 1007 3904 muttit
1022 3857 1091 3903 utum
1102 3852 1218 3901 Martae
1227 3849 1336 3917 familiae

288 3924 391 3990 adjicere
409 3941 513 3990 porrum.
547 3926 612 3973 Nam
628 3934 739 3974 consum
756 3926 786 3973 li·
837 3928 1145 3993 rimfattulieuerr'etimtirl
1161 3927 1242 3984 Quare
1250 3924 1337 3975 trustra

288 3998 382 4047 brorum
391 3999 544 4064 plurimorum
555 4007 580 4046 et
587 3998 728 4063 optimuum
738 3998 786 4049 lec·
835 4012 872 4052 eet
881 4019 982 4067 magone
992 4002 1149 4051 Ceranbooue
1157 4015 1213 4066 pag.
1226 4000 1281 4048 lta.
1292 4015 1334 4048 no·

289 4071 330 4129 tio,
339 4080 365 4121 et
375 4072 445 4122 simul
455 4073 515 4122 ratio
526 4073 556 4122 rb
566 4074 628 4120 redeo
639 4080 732 4121 tuetur:
744 4088 786 4139 ep·
836 4085 913 4125 tarum
923 4076 955 4125 ed
965 4074 1062 4140 Apulej.
1074 4073 1226 4140 Apologiam,
1236 4072 1278 4138 qni
1293 4072 1334 4123 illo

288 4146 402 4195 turinum
412 4147 476 4195 eninr
492 4144 626 4195 castitatem
641 4145 751 4209 jactanti,
762 4154 786 4194 et
835 4147 888 4196 loco
897 4163 948 4214 pro,
958 4148 987 4196 Se
996 4149 1052 4195 milri
1066 4164 1186 4196 mantua
1196 4157 1288 4196 mmm
1297 4149 1334 4195 ul·

289 4220 399 4270 matroon
408 4221 501 4287 pudicit
517 4236 543 4269 se
559 4219 702 4275 recensenti,
712 4219 786 4269 Hele·
836 4222 947 4276 murum.
958 4221 1049 4287 reponit
1059 4223 1190 4269 illator-um.
1206 4237 1261 4270 cum
1274 4222 1334 4272 alte·

289 4295 490 4344 meotverbum.
502 4294 610 4358 Propert.
645 4292 733 4343 Burri.
835 4310 888 4344 rum
904 4309 988 4360 perum
1006 4294 1090 4344 latine
1109 4294 1200 4345 dictum
1216 4296 1334 4362 opinetur,

323 4369 361 4418 19.
379 4367 476 4418 Fiducia
485 4367 576 4431 erepto]
595 4366 667 4429 Capti
683 4367 787 4417 maxima
836 4368 900 4435 quod
910 4369 1000 4418 dietum
1012 4378 1048 4418 eet
1058 4369 1217 4420 Lotinirrirne.
1234 4371 1324 4422 Hune.

287 4456 341 4508 pen
357 4442 476 4493 codicum.
492 4442 536 4491 red
549 4450 617 4505 cepto
626 4441 719 4491 firmare
732 4458 785 4508 poe
868 4445 909 4493 23.
927 4442 1055 4507 Destruite]
1075 4443 1157 4493 Scribe
1174 4447 1291 4507 delentem
1309 4456 1335 4496 et

287 4526 332 4574 ret,
343 4517 406 4582 qnod
414 4517 523 4569 videatur
532 4516 571 4567 bic
582 4524 664 4567 auctor
673 4515 785 4583 Epistola
836 4516 891 4567 ride
902 4515 932 4567 ed
943 4514 1043 4574 Quinet.
1054 4516 1096 4567 lib.
1103 4534 1129 4567 v.
1140 4517 1220 4569 Inetit.
1231 4522 1256 4569 8.
