3600 5925
565 759 790 825 Altonum.
835 756 927 824 LlB.
953 757 1003 827 11.
1026 763 1078 831 19.
1287 765 1353 830 993

305 934 374 1009 Ille
391 944 518 1033 potest
534 956 653 1007 vacuo
670 932 781 1006 furari
799 932 907 1007 litore
925 957 1069 1021 arenas,
1299 943 1347 1012 45

354 1048 522 1123 Uxorem
540 1049 644 1122 stulti
662 1049 694 1122 si
713 1050 798 1146 quis
814 1074 940 1124 amore
958 1061 1097 1149 potest.

300 1165 464 1264 Jamque
481 1164 553 1262 ego
571 1188 806 1263 praemoneo;
836 1167 907 1240 nisi
925 1179 967 1241 tu
985 1191 1132 1242 servare
1150 1171 1314 1267 puellam

353 1281 507 1381 Incipis,
527 1281 682 1380 incipiet
699 1282 872 1357 desinere
890 1307 975 1358 esse
992 1307 1089 1358 mee.

302 1397 426 1471 Multa
442 1397 584 1495 diuque
601 1398 691 1473 tuli:
721 1398 866 1497 speravi
884 1423 988 1497 saepe
1006 1398 1182 1487 futurum,

352 1512 452 1586 Cum
468 1514 566 1588 bene
585 1514 789 1600 servisses
808 1526 851 1588 ut
867 1515 965 1588 bene
981 1515 1099 1589 verba
1113 1514 1255 1590 darem.
1298 1522 1347 1591 50

302 1626 443 1703 Lentus
460 1653 514 1716 es
530 1640 570 1703 et
586 1630 726 1728 pateris
744 1630 835 1704 nulli
853 1630 1035 1728 patienda
1051 1631 1205 1720 marito;

350 1744 403 1817 At
419 1745 509 1818 mihi
528 1744 699 1820 concessi
716 1745 801 1819 finis
820 1745 957 1819 amoris
975 1744 1057 1819 crit

302 1858 456 1934 Scilicet
473 1858 602 1934 infelix
620 1883 825 1959 numquam
844 1860 1072 1959 prohibebor
1089 1861 1217 1935 edirel

352 1973 440 2048 Nox
459 1974 550 2047 mihi
567 1975 639 2049 sub
656 1976 758 2049 nullo
776 1975 925 2050 vindice
942 1999 1093 2074 semper
1109 1977 1204 2050 erit?

302 2089 365 2162 Nil
384 2091 570 2164 metuam?
597 2114 664 2188 per
681 2091 783 2165 nulle
800 2091 945 2165 traham
964 2091 1125 2190 suspirio
1141 2095 1318 2167 somnos?

352 2203 416 2277 Nil
434 2203 562 2292 socies,
581 2228 648 2278 cur
666 2217 703 2278 te
717 2207 803 2302 jure
820 2205 964 2304 perisse
982 2205 1115 2279 velim?
1298 2213 1345 2283 56

301 2318 402 2404 Quid
419 2320 510 2393 mihi
528 2343 614 2394 cum
632 2320 744 2406 sacili,
764 2321 857 2417 quid
875 2345 962 2394 cum
980 2321 1114 2396 lenone
1133 2324 1291 2397 marito?

350 2424 571 2534 Corrumpi's
589 2435 678 2510 vitio
696 2436 835 2532 gaudia
851 2447 979 2509 nostre
995 2446 1072 2510 tuo.

301 2551 402 2637 Quin
419 2552 546 2639 alium,
565 2577 679 2650 quem
697 2562 802 2627 tenta
813 2554 921 2649 juvet
938 2552 1132 2650 patientia,
1152 2555 1315 2650 quaerisl

351 2666 418 2741 Me
435 2668 504 2741 tibi
522 2667 674 2741 rivalem
693 2669 723 2740 si
737 2670 846 2765 juvat
863 2690 961 2751 esse,
980 2678 1077 2740 veta.
1296 2674 1345 2742 60

332 2926 374 2975 49.
409 2923 495 2984 Multo,
520 2928 605 2990 diuque
627 2924 693 2990 tull]
720 2925 797 2976 Ilecte
847 2924 900 2974 libri
911 2923 973 2973 tertii
984 2923 1098 2975 Amorum
1109 2925 1189 2975 Naso:

299 3007 424 3066 utrumqne
443 3000 578 3066 conjunxit:
600 2999 713 3067 potuisset
733 2999 798 3048 enirn
881 2999 961 3047 Multo
981 3001 1138 3064 diequextuli,
1157 3003 1218 3050 titiis
1234 3005 1345 3064 parientia

298 3074 407 3131 diu.eed
425 3090 503 3141 peuce
520 3075 592 3124 lene:
610 3073 798 3124 eteeontrerio
913 3076 1025 3123 rictam.
1196 3076 1311 3124 Munius.

299 3147 383 3204 multe,
391 3155 416 3196 ct
426 3164 472 3197 oon
483 3148 533 3197 diu.
549 3147 588 3198 Sic
600 3146 719 3197 Cicereio
731 3146 797 3196 Rhe·
848 3147 928 3196 Recte
938 3147 1038 3197 Merius.
1054 3156 1091 3198 cst
1104 3149 1167 3198 enim
1177 3148 1244 3215 quasi
1259 3165 1288 3198 er
1300 3150 1345 3199 for·

299 3220 386 3278 loricis,
398 3222 459 3284 Sep·
472 3231 495 3270 et
505 3223 603 3270 nultus·
611 3223 653 3270 loc
662 3237 748 3269 nem
761 3238 797 3270 co·
848 3221 915 3271 mule
923 3220 1024 3271 dictum.
1035 3222 1084 3273 vicl.
1093 3223 1124 3273 ed
1135 3223 1178 3274 lib.
1185 3223 1221 3273 iii.
1233 3224 1300 3290 Eleg.
1312 3226 1344 3276 xi.

238 3317 242 3324 ·
298 3297 380 3360 girorii.
414 3294 453 3345 Sic
474 3295 546 3346 etiem
567 3295 653 3362 Elegia
672 3294 797 3346 undecimo
848 3297 936 3347 remi.
970 3298 1059 3348 Buerr.
