3600 5925
448 759 512 824 300
742 758 780 821 Ρ.
804 756 964 822 OVIDII
990 755 1201 822 NASONIS

452 934 585 1007 Acrius
604 933 751 1018 invitos
770 932 963 1027 multoque
980 927 1139 1003 ferocius
1154 944 1302 1028 urguet,

501 1047 625 1134 Quam
642 1049 707 1146 qui
725 1047 916 1134 servitium
933 1044 1029 1120 serre
1046 1044 1222 1133 latentur,
1242 1047 1371 1121 Amor.

454 1164 513 1239 En
530 1189 602 1262 ego
617 1164 817 1239 confiteor:
844 1174 1011 1237 tunsum
1029 1186 1125 1237 nova
1141 1163 1281 1261 prmda,
1301 1163 1464 1264 Cupido.

502 1280 732 1376 Porrigimus
749 1279 866 1352 victas
884 1278 932 1351 ad
949 1288 1016 1352 tua
1026 1279 1115 1376 jura
1131 1301 1277 1352 manus.
1441 1288 1492 1355 20

454 1397 517 1470 Nil
534 1421 630 1496 opus
647 1406 706 1470 est
722 1393 843 1468 bello:
871 1415 1006 1492 pacem
1024 1393 1248 1492 veniamque
1266 1417 1455 1492 rogamus.

503 1512 586 1586 Nec
603 1510 672 1586 tibi
688 1510 783 1597 laus,
802 1508 915 1584 armis
932 1509 1054 1582 victus
1071 1507 1236 1596 inermis,
1255 1534 1331 1585 ero.
1392 1498 1399 1506 ⁰

453 1628 575 1703 Necte
592 1649 739 1701 comam
756 1635 903 1723 myrto:
932 1635 1120 1699 maternas
1139 1626 1258 1723 junge
1274 1626 1490 1717 columbas3

503 1743 578 1830 Qui
594 1744 740 1828 deceat,
759 1763 908 1813 currum
926 1737 1091 1813 Vitricus
1108 1740 1191 1839 ipse
1208 1741 1326 1816 dabit.

454 1860 575 1959 Inque
587 1860 676 1934 dato
693 1881 816 1944 curru,
832 1855 973 1955 populo
985 1857 1171 1932 clamante
1185 1857 1428 1956 triumphum,
1443 1863 1492 1933 25

505 1976 654 2064 Stabis3
683 1983 723 2049 et
740 1973 940 2070 adjunctas
958 1981 1037 2046 arte
1054 1972 1222 2047 movebis
1241 1996 1341 2048 aves.

455 2091 651 2168 Ducentur
663 2092 821 2188 juvenes
838 2089 954 2188 capti,
972 2099 1170 2188 captoeque
1187 2089 1334 2187 puelloe.

502 2206 598 2282 Haec
614 2206 683 2281 tibi
700 2204 921 2302 magnificus
938 2228 1079 2302 pompa
1094 2204 1305 2303 triumphus
1322 2205 1405 2279 erit.

453 2323 543 2422 lpse
564 2347 648 2420 ego,
666 2322 795 2421 praedn
816 2345 960 2408 recem,
978 2320 1120 2396 factum
1144 2320 1256 2396 modo
1273 2321 1408 2394 vulnus
1424 2323 1490 2395 ha·

502 2439 553 2515 Et
569 2464 665 2514 nova
681 2438 829 2538 captivi
844 2438 993 2513 vinculo
1009 2448 1135 2513 mente
1153 2436 1281 2512 leram.
1353 2437 1488 2532 [beboz

454 2555 565 2631 Mens
584 2555 692 2629 Bona
708 2555 866 2629 ducetur
887 2554 1061 2628 manibus
1079 2564 1166 2653 post
1182 2564 1289 2650 tergo
1304 2552 1465 2639 retortis,

504 2671 554 2747 Et
571 2671 711 2758 Pudor,
730 2680 770 2745 et
785 2669 918 2745 castris
935 2668 1121 2768 quidquid
1138 2668 1287 2742 Amoris
1303 2668 1426 2743 obest.
1441 2672 1489 2742 32

454 2789 592 2863 Omnia
607 2799 645 2863 te
662 2796 850 2862 metuent:
879 2787 928 2861 ad
945 2796 983 2861 te
1001 2809 1069 2861 sua
1085 2785 1241 2860 brachia
1255 2785 1416 2859 tendens

502 2904 662 3004 Vulgus,
677 2903 732 2991 Ιὸ,
751 2904 890 3001 magni
907 2926 1012 2989 voce,
1031 2901 1248 3002 Triumphe,
1266 2911 1389 2977 canet.

454 3024 652 3099 Blanditiae
670 3022 825 3097 comites
843 3021 911 3095 tibi
929 3030 1050 3107 emm,
1067 3018 1267 3118 Errorque,
1284 3018 1490 3116 Furorque,

503 3141 672 3215 Adsidue
689 3150 815 3240 partes
832 3140 945 3214 turba
960 3147 1090 3212 secuto
1106 3147 1205 3211 tuns.
1439 3137 1490 3208 36

452 3253 523 3329 His
540 3267 582 3330 tu
600 3256 780 3332 militibus
799 3279 954 3356 superas
971 3254 1218 3351 hominesque
1236 3250 1433 3347 Deosque:

500 3369 596 3446 Hoec
613 3373 681 3447 tibi
699 3374 731 3446 si
748 3372 878 3447 demas
896 3369 1105 3457 commoda,
1124 3367 1247 3441 nudus
1264 3366 1348 3441 eris.

480 3557 520 3605 24.
538 3557 585 3612 Qui
594 3558 670 3605 deceat
681 3557 784 3620 summ]
802 3556 849 3611 Qui
858 3558 944 3612 deant,
992 3555 1071 3617 ploos,
1081 3559 1108 3602 ul
1118 3561 1154 3601 est
1164 3551 1189 3600 in
1199 3566 1247 3600 uno
1260 3548 1364 3598 Heindi.
1374 3557 1401 3598 et
1409 3547 1492 3598 ‹leien-

450 3647 554 3679 curmm.
570 3629 660 3696 scripti.
676 3631 807 3681 Hmnsros.
839 3631 943 3680 antsn·
994 3626 1019 3676 di
1029 3624 1351 3693 possetexiv.'l'ristii.19.

450 3703 496 3753 tius
512 3704 555 3754 hl).
572 3704 590 3753 i.
603 3705 633 3754 de
650 3704 711 3754 falsu
727 3705 839 3769 religione
855 3720 908 3770 cap.
919 3704 944 3755 ii.
1027 3700 1090 3766 Ergo
1103 3701 1175 3748 omit
1182 3699 1281 3762 multu
1292 3700 1379 3761 Μ
1391 3706 1490 3761 ΜΝ

450 3781 591 3829 mentionem
600 3780 658 3829 lucit
674 3779 799 3837 Poematis,
809 3779 872 3845 quod
891 3780 944 3827 Tri-
1057 3774 1205 3836 trimphum·

450 3855 545 3916 sampirus
557 3854 675 3917 Cupidinis
690 3853 944 3920 sicimorumque
993 3847 1071 3904 Alilss,
1083 3848 1195 3896 Chmu
1212 3847 1341 3909 triumphi
1358 3852 1386 3894 ¹¹²
1401 3842 1432 3893 ⁸5²
1446 3859 1491 3909 ΡΝ

450 3917 561 3967 Auctoris
569 3917 672 3968 nomine.
680 3918 752 3984 hujus
758 3918 870 3985 triumphi
877 3934 943 3985 pom·
993 3920 1022 3969 rr
1037 3921 1158 3984 tunnulis,
1174 3919 1238 3985 quod
1253 3935 1307 3969 mox
1322 3935 1385 3969 vers.
1395 3920 1437 3968 34.
1452 3935 1492 3968 se·

449 4006 514 4054 pam,
529 3992 613 4042 Jovem
630 4009 684 4042 cum
700 3991 785 4041 ceteris
801 3991 855 4040 Diis
871 3991 944 4042 luisse
993 3995 1081 4061 quitur.
1089 3995 1156 4045 erils
1164 3995 1249 4044 Horat.
1258 3994 1290 4043 iv.
1301 3994 1385 4043 OM.
1401 3995 1492 4043 Bru.

450 4064 491 4113 ait·
1025 4071 1067 4119 38.
1086 4071 1168 4120 Omnia
1178 4080 1200 4119 ts
1213 4070 1337 4134 metuent]
1354 4069 1415 4118 Plus
1429 4068 1495 4119 disis

485 4138 584 4190 Vitricus
600 4143 645 4204 ipss
654 4140 741 4204 datu]
759 4140 782 4189 A
795 4142 874 4191 Marte
891 4156 944 4192 cnr·
992 4158 1078 4209 genem
1088 4153 1179 4201 neutro,
1188 4142 1292 4210 quamsi
1301 4142 1433 4193 murdim
1442 4160 1492 4193 oss·

450 4227 500 4260 rum
524 4214 636 4281 accipies.
674 4213 708 4263 Ut
727 4213 829 4264 militnm
855 4214 945 4265 unimus
993 4217 1143 4268 mdixisset.
1153 4219 1268 4267 murus.
1288 4217 1351 4267 Vide
1358 4217 1389 4266 sd
1396 4216 1489 4275 Quinc-

449 4284 564 4350 Cupidini
583 4288 677 4337 deditos
695 4298 841 4340 monstraret.
873 4290 944 4340 Unde
993 4292 1029 4342 til.
1039 4292 1110 4342 Deol.
1121 4292 1174 4343 id.

449 4373 497 4405 non
507 4367 595 4411 temen
605 4361 696 4427 antiqui
708 4362 807 4413 ssbnlsti
820 4372 883 4423 sunt,
895 4365 943 4414 Ve-
1025 4366 1066 4415 ³⁷,
1083 4366 1128 4415 His
1138 4377 1165 4416 rs
1174 4365 1305 4430 militibus]
1323 4364 1351 4412 ln
1363 4378 1411 4413 uno
1427 4364 1488 4415 Μο-

450 4444 529 4478 nerem
539 4433 613 4483 Marri
623 4434 695 4485 luisse
704 4437 863 4503 conjunctam.
993 4439 1045 4496 reti,
1067 4442 1165 4490 militiis.
1199 4440 1275 4496 Forte,
1293 4440 1324 4488 tis
1340 4440 1491 4496 militiis,

482 4502 522 4550 '25-
546 4504 633 4567 Populo
649 4511 761 4558 clausu
781 4512 942 4575 manshun]
992 4512 1030 4562 vel
1051 4515 1217 4564 militibus.
1244 4514 1372 4564 Hmnsrus.
1405 4513 1491 4563 Male:

449 4572 562 4625 Francius
588 4579 699 4635 malebat,
725 4593 839 4644 spectasse
860 4588 942 4633 trisn-
993 4587 1048 4637 Dus
1065 4587 1213 4654 estCupido,
1229 4586 1317 4638 milites
1332 4595 1357 4637 ct
1373 4586 1494 4637 sstsllites
