3600 5925
492 836 557 900 144
783 814 822 898 Ρ.
846 833 1008 899 ovrorr
1032 831 1245 900 ussurus

490 1007 610 1092 Tunc,
630 1029 716 1104 quae
733 1007 956 1105 dispensant
972 1006 1143 1079 mortalia
1159 1006 1233 1094 fila,
1256 1006 1411 1083 Sorores

541 1125 760 1197 Debuerant
776 1123 879 1195 fusos
897 1122 1082 1195 cvoliiissc
1100 1146 1216 1195 meos.

489 1240 595 1313 Tunc
613 1239 718 1337 potui
738 1238 878 1312 Medea
895 1238 988 1311 mori
1006 1240 1116 1311 bene.
1144 1239 1329 1336 quidquid
1348 1241 1395 1312 ab
1414 1240 1476 1313 illo
1509 1247 1533 1314 5

538 1356 707 1429 Produxi
725 1355 809 1427 vitae
827 1364 1007 1452 tempore,
1023 1379 1136 1452 poena
1151 1354 1233 1428 fuit.

489 1470 563 1545 Hei
582 1470 691 1543 mihi!
720 1493 787 1543 cur
804 1493 984 1566 umquam
997 1471 1227 1565 juvenilibus
1244 1481 1330 1545 acta
1345 1473 1493 1546 lacertis

538 1586 754 1684 Phryxdam
771 1585 882 1683 petiit
898 1585 1026 1659 Pelias
1044 1589 1154 1661 arbor
1171 1588 1301 1661 ovem?

489 1703 568 1776 Cur
584 1725 764 1799 umquam
784 1700 920 1774 Colchi
939 1700 1162 1798 Magnetida
1177 1703 1338 1777 vidimus
1355 1704 1479 1800 Arg03

537 1817 740 1914 Turbaque
758 1816 984 1890 Phasiacam
1003 1818 1120 1916 Graja
1138 1820 1286 1893 bibistis
1304 1820 1468 1917 aquam?
1487 1825 1531 1893 10

489 1936 569 2009 Cur
586 1933 676 2005 mihi
694 1934 780 2031 plus
799 1957 909 2030 aequo
927 1933 1013 2005 flavi
1030 1934 1207 2031 placuere
1224 1934 1369 2034 capilli3

538 2049 589 2123 Et
605 2050 730 2133 decor,
750 2057 789 2121 et
804 2048 943 2144 linguae
961 2048 1082 2144 gratia
1098 2046 1187 2123 ficta
1203 2059 1278 2122 tuae
1289 2050 1312 2122 lx

486 2166 565 2239 Aut
577 2163 711 2260 (semel
725 2163 763 2234 in
776 2172 923 2235 nostras
937 2162 1117 2259 quoniam
1129 2188 1226 2238 nova
1243 2166 1381 2264 puppis
1398 2187 1529 2238 arenas

374 2371 379 2379 Ι
534 2281 711 2366 Venerat,
731 2279 893 2352 audaces
912 2278 1162 2376 attuleratque
1179 2279 1310 2373 viros)

486 2397 586 2470 Isset
603 2396 796 2469 anhelatos
813 2418 888 2468 uon
907 2396 1193 2493 praemedicatus
1211 2397 1250 2469 in
1267 2395 1374 2492 ignes
1483 2400 1529 2469 15

535 2511 738 2585 Immemor
754 2509 967 2597 AEsouides‚
986 2535 1126 2610 oraque
1145 2514 1292 2587 adunca
1308 2514 1434 2585 boum.

483 2729 524 2778 Ita
543 2736 569 2778 et
587 2728 666 2778 Greci
686 2727 838 2794 indignantes
864 2729 982 2780 ἀπὸτοῦ
1032 2730 1099 2780 nesia
1112 2730 1176 2781 enim
1192 2730 1257 2794 regio
1272 2739 1309 2780 est
1325 2727 1529 2778 nunexal'nesss·

483 2802 565 2853 'Atta
574 2802 728 2868 incipiebant.
762 2804 852 2853 Herus.
1031 2804 1079 2862 lisa,
1091 2814 1118 2854 ut
1134 2805 1198 2852 Plin.
1210 2802 1301 2852 scribit.
1334 2804 1464 2867 Magnetes
1479 2803 1531 2867 ejus

515 2877 541 2926 7.
560 2876 606 2924 Hei
616 2878 685 2925 mihi!
695 2877 756 2941 δια]
775 2876 811 2925 Er
822 2877 944 2942 Euripide,
955 2877 981 2926 in
1031 2878 1112 2943 populi
1123 2877 1234 2926 dicuntur
1244 2875 1367 2941 equitandi
1377 2875 1458 2941 periti.

482 2949 533 3016 ipso
543 2950 639 3000 Fabula
650 2950 760 3000 exordio:
1066 2953 1103 3002 10.
1120 2954 1208 3015 Aquam
1221 2949 1374 3013 Phariam]
1392 2949 1456 2999 Nun
1467 2948 1529 2998 Plit-

516 3023 568 3074 nto*
578 3024 650 3090 ὤφελ’
659 3024 767 3090 Ἀργοῦς
779 3028 815 3091 μή
827 3024 980 3075 ὃιαπτᾶσθω
1030 3027 1062 3075 sis
1072 3027 1159 3075 fluvius
1168 3035 1205 3075 est
1213 3025 1368 3075 Colchorum.

546 3097 647 3162 σκάφος,
660 3100 746 3147 mh.
1065 3102 1105 3149 1³.
1123 3101 1188 3149 Nom
1195 3099 1296 3163 puppis]
1308 3099 1355 3149 Vel
1365 3114 1449 3148 revers
1458 3114 1528 3154 nors,

482 3169 553 3228 Quod
565 3170 679 3221 verbatim
690 3172 781 3221 Ennim
790 3172 816 3221 in
825 3187 893 3221 snam
904 3180 979 3222 trans-
1029 3173 1226 3223 veladmiranda.
1260 3174 1333 3223 Cror.

480 3244 549 3293 tulit·
1064 3249 1103 3296 14.
1116 3246 1243 3309 Auum]
1258 3244 1527 3310 Perpetuumhocnsu·

516 3318 779 3369 Utiacsnnsinnemore
791 3320 855 3368 Pelio
864 3322 980 3369 oecunbm
1029 3321 1060 3371 tis
1079 3321 1216 3388 Epitheton,
1238 3328 1265 3368 nt
1284 3320 1406 3384 eleganter
1425 3317 1529 3368 ostendit

514 3391 579 3440 Coesae
594 3393 723 3441 cecidissem
737 3394 837 3458 nhiegsrc
852 3397 883 3442 nd
894 3402 979 3442 terrum
1027 3396 1164 3445 Torrentius
1173 3394 1204 3443 ad
1215 3393 1320 3441 Horati
1323 3391 1410 3440 ..Od
1403 3408 1420 3441 ι.
1434 3393 1473 3440 14.
1484 3390 1526 3440 sed

544 3469 634 3523 trobm
1028 3468 1147 3533 precipue
1165 3467 1319 3532 Argonautis.
1334 3466 1376 3532 qni
1396 3465 1466 3531 primi
1483 3466 1527 3514 fin·

514 3539 854 3587 Neoss'ndsnaoisinclsonndae
862 3543 978 3590 matum
1027 3552 1117 3606 guntur
1135 3557 1231 3607 equora
1247 3549 1361 3598 tenmsse,
1379 3549 1472 3607 sptusu⁸
1493 3540 1526 3589 its

513 3614 673 3676 cepissetque
681 3616 978 3664 comminatorum«
1027 3617 1123 3665 Phaedr.
1135 3616 1199 3665 dicto
1210 3616 1270 3671 loco.
1278 3618 1310 3664 nd
1325 3619 1434 3664 auduom
1450 3617 1526 3663 srorts's

512 3690 583 3754 Argo,
593 3706 638 3752 qno
649 3690 708 3736 vecti
716 3689 799 3753 Argivi
808 3689 923 3738 delecti
900 3693 945 3738 orsi
1024 3690 1161 3755 professc'
1139 3707 1205 3744 mass.
1216 3688 1356 3738 febrientem
1368 3698 1445 3738 ratem
1457 3687 1523 3737 dicit.

512 3763 623 3812 Petebant
649 3763 715 3809 illam
738 3762 819 3824 pellas
844 3765 977 3813 incuratam
1026 3766 1112 3814 Senec,
1123 3763 1213 3813 Medea
1223 3764 1283 3812 ³01.

543 3839 630 3893 arietis,
1059 3836 1474 3901 Audunoimiosn‚quifrctnprisssss

512 3910 602 3959 Colchis
616 3912 709 3971 imperio
724 3911 785 3974 segis
801 3909 871 3958 Pelia
885 3926 928 3971 per
937 3913 976 3959 do-
1060 3911 1120 3960 Rnts
1131 3923 1177 3960 tum
1179 3911 1270 3976 fragili
1278 3910 1367 3974 perfida
1378 3912 1452 3972 npit.

543 3985 606 4033 lum!
1026 3986 1057 4033 Et
1073 4000 1135 4033 vers.
1151 3986 1209 4033 ³40.
1226 3985 1347 4045 coprem
1363 3992 1433 4031 voest
1450 3982 1524 4047 Argo,

477 4059 557 4107 Multo
573 4066 652 4107 sutem
670 4056 804 4121 elegantius
819 4055 870 4106 hec
891 4056 976 4106 eadem
1026 4068 1053 4106 ut
1063 4056 1146 4106 Florus
1155 4056 1199 4106 lib.
1211 4055 1248 4103 iii.
1259 4071 1314 4119 cap.
1328 4055 1366 4102 16.
1378 4056 1451 4103 etism
1462 4057 1524 4105 Poe-

477 4132 600 4189 Pluedrus,
611 4131 684 4180 iao:
1025 4131 1074 4179 tica
1090 4128 1210 4194 elegantis
1227 4127 1326 4177 Caesaris
1339 4126 1450 4183 classem,
1466 4143 1522 4192 quse

513 4206 607 4254 Utinam
623 4221 665 4253 asc
683 4221 783 4268 unquam
801 4204 862 4254 Pelii
880 4208 976 4254 umoris
1024 4202 1269 4269 primsRomsnorurn
1279 4201 1401 4249 Oceanum
1411 4199 1523 4259 teutsvit,

533 4282 596 4343 jugo
1025 4275 1139 4341 appellat.
1173 4276 1262 4324 Bonn.

510 4351 586 4400 Pinus
594 4353 823 4413 &malcomidisset
835 4349 946 4410 Urmia,
1058 4351 1098 4398 15.
1117 4348 1170 4396 Non
1178 4344 1370 4410 premeditatus]
1388 4343 1428 4393 Its
1437 4345 1520 4410 legen·

509 4423 973 4488 Nscndprcsesscmortismdsemvim
1022 4420 1089 4480 dnm,
1099 4437 1148 4471 non
1158 4428 1370 4477 ntoemrnentston
1377 4422 1518 4482 prandiss-

509 4496 648 4546 Fabricasset
659 4500 736 4562 Argos
745 4515 809 4561 opere
817 4499 922 4549 Palladis
931 4518 971 4549 ra·
1022 4508 1069 4546 tus.
1102 4496 1189 4561 Neque
1206 4494 1270 4544 enim
1287 4492 1464 4560 premeditatus
1479 4509 1519 4543 ve·

540 4572 601 4618 καὶ
616 4571 663 4619 &c-
1021 4579 1089 4620 neret
1104 4571 1187 4620 Jason.
1219 4568 1310 4618 Medea
1326 4577 1406 4619 autern
1416 4568 1518 4619 medim-

507 4646 532 4696 9.
544 4643 702 4712 Magnetida]
712 4644 882 4696 'l'hessalicsm
899 4645 971 4707 Msg·
1021 4643 1107 4694 mentis
1131 4643 1250 4693 munient
1275 4642 1353 4699 illurn,
1379 4657 1433 4692 cum
1457 4650 1517 4691 suet
