<?xml version="1.0" encoding="UTF-8"?>
<!DOCTYPE html PUBLIC "-//W3C//DTD XHTML 1.0 Transitional//EN"
    "http://www.w3.org/TR/xhtml1/DTD/xhtml1-transitional.dtd">
<html xmlns="http://www.w3.org/1999/xhtml" xml:lang="en" lang="en">
 <head>
  <title>
</title>
<meta http-equiv="Content-Type" content="text/html;charset=utf-8" />
  <meta name='ocr-system' content='tesseract 3.04.00' />
  <meta name='ocr-capabilities' content='ocr_page ocr_carea ocr_par ocr_line ocrx_word'/>
</head>
<body>
  <div class='ocr_page' id='page_1' title='image "./opera00giergoog/opera00giergoog_0520.png"; bbox 0 0 3600 5925; ppageno 0'>
   <div class='ocr_carea' id='block_1_1' title="bbox 475 707 1223 816">
    <p class='ocr_par' dir='ltr' id='par_1_1' title="bbox 475 707 1223 816">
     <span class='ocr_line' id='line_1_1' title="bbox 475 707 1223 816; baseline 0.001 -1"><span class='ocrx_word' id='word_1_1' title='bbox 475 752 540 815; x_wconf 78' lang='lat' dir='ltr'>uo</span> <span class='ocrx_word' id='word_1_2' title='bbox 763 750 802 813; x_wconf 83' lang='lat' dir='ltr'>P.</span> <span class='ocrx_word' id='word_1_3' title='bbox 827 747 988 814; x_wconf 87' lang='lat' dir='ltr'>ovmn</span> <span class='ocrx_word' id='word_1_4' title='bbox 1012 707 1223 816; x_wconf 69' lang='lat' dir='ltr'>ursonis</span> 
     </span>
    </p>
   </div>
   <div class='ocr_carea' id='block_1_2' title="bbox 809 1052 1181 1128">
    <p class='ocr_par' dir='ltr' id='par_1_2' title="bbox 809 1052 1181 1128">
     <span class='ocr_line' id='line_1_2' title="bbox 809 1052 1181 1128; baseline 0 0"><span class='ocrx_word' id='word_1_5' title='bbox 809 1052 1036 1128; x_wconf 88' lang='lat' dir='ltr'><strong>ELEGIA</strong></span> <span class='ocrx_word' id='word_1_6' title='bbox 1074 1054 1181 1128; x_wconf 90' lang='lat' dir='ltr'><strong>XIV.</strong></span> 
     </span>
    </p>
   </div>
   <div class='ocr_carea' id='block_1_3' title="bbox 476 1253 1514 3793">
    <p class='ocr_par' dir='ltr' id='par_1_3' title="bbox 476 1253 1514 3793">
     <span class='ocr_line' id='line_1_3' title="bbox 478 1253 1432 1352; baseline 0.004 -24"><span class='ocrx_word' id='word_1_7' title='bbox 478 1254 514 1328; x_wconf 95' lang='lat' dir='ltr'>N</span> <span class='ocrx_word' id='word_1_8' title='bbox 517 1278 566 1328; x_wconf 93' lang='lat' dir='ltr'>on</span> <span class='ocrx_word' id='word_1_9' title='bbox 583 1277 665 1350; x_wconf 87' lang='lat' dir='ltr'>ego,</span> <span class='ocrx_word' id='word_1_10' title='bbox 685 1276 898 1352; x_wconf 75' lang='lat' dir='ltr'>reposces,</span> <span class='ocrx_word' id='word_1_11' title='bbox 917 1254 1073 1327; x_wconf 79' lang='lat' dir='ltr'>cumeis</span> <span class='ocrx_word' id='word_1_12' title='bbox 1091 1253 1432 1346; x_wconf 69' lang='lat' dir='ltr'>formosa„recuso;</span> 
     </span>
     <span class='ocr_line' id='line_1_4' title="bbox 528 1370 1384 1458; baseline 0.005 -15"><span class='ocrx_word' id='word_1_13' title='bbox 528 1370 605 1443; x_wconf 86' lang='lat' dir='ltr'>Sed</span> <span class='ocrx_word' id='word_1_14' title='bbox 622 1393 670 1445; x_wconf 89' lang='lat' dir='ltr'>ne</span> <span class='ocrx_word' id='word_1_15' title='bbox 687 1370 736 1443; x_wconf 90' lang='lat' dir='ltr'>sit</span> <span class='ocrx_word' id='word_1_16' title='bbox 746 1370 888 1448; x_wconf 75' lang='lat' dir='ltr'>,misero</span> <span class='ocrx_word' id='word_1_17' title='bbox 906 1371 1002 1443; x_wconf 91' lang='lat' dir='ltr'>scire</span> <span class='ocrx_word' id='word_1_18' title='bbox 1019 1393 1175 1446; x_wconf 89' lang='lat' dir='ltr'>necesse</span> <span class='ocrx_word' id='word_1_19' title='bbox 1190 1373 1293 1446; x_wconf 90' lang='lat' dir='ltr'>mihi.</span> <span class='ocrx_word' id='word_1_20' title='bbox 1382 1453 1384 1458; x_wconf 65' lang='grc'>,</span> 
     </span>
     <span class='ocr_line' id='line_1_5' title="bbox 479 1485 1364 1586; baseline 0.005 -27"><span class='ocrx_word' id='word_1_21' title='bbox 479 1485 515 1559; x_wconf 94' lang='lat' dir='ltr'>N</span> <span class='ocrx_word' id='word_1_22' title='bbox 518 1509 561 1560; x_wconf 90' lang='lat' dir='ltr'>ec</span> <span class='ocrx_word' id='word_1_23' title='bbox 578 1497 617 1560; x_wconf 90' lang='lat' dir='ltr'>te</span> <span class='ocrx_word' id='word_1_24' title='bbox 634 1497 761 1572; x_wconf 87' lang='lat' dir='ltr'>nostra</span> <span class='ocrx_word' id='word_1_25' title='bbox 774 1487 885 1584; x_wconf 89' lang='lat' dir='ltr'>jubet</span> <span class='ocrx_word' id='word_1_26' title='bbox 898 1486 978 1560; x_wconf 90' lang='lat' dir='ltr'>fieri</span> <span class='ocrx_word' id='word_1_27' title='bbox 995 1509 1154 1561; x_wconf 82' lang='lat' dir='ltr'><strong>censura</strong></span> <span class='ocrx_word' id='word_1_28' title='bbox 1170 1488 1364 1586; x_wconf 86' lang='lat' dir='ltr'>pudieam:</span> 
     </span>
     <span class='ocr_line' id='line_1_6' title="bbox 528 1601 1322 1701; baseline 0.005 -26"><span class='ocrx_word' id='word_1_29' title='bbox 528 1601 618 1688; x_wconf 86' lang='lat' dir='ltr'>Sed,</span> <span class='ocrx_word' id='word_1_30' title='bbox 637 1613 782 1677; x_wconf 89' lang='lat' dir='ltr'>tantum</span> <span class='ocrx_word' id='word_1_31' title='bbox 796 1613 920 1677; x_wconf 89' lang='lat' dir='ltr'>tentes</span> <span class='ocrx_word' id='word_1_32' title='bbox 937 1603 1184 1690; x_wconf 89' lang='lat' dir='ltr'>dissimulare,</span> <span class='ocrx_word' id='word_1_33' title='bbox 1204 1615 1322 1701; x_wconf 85' lang='lat' dir='ltr'>rogat.</span> 
     </span>
     <span class='ocr_line' id='line_1_7' title="bbox 478 1716 1495 1821; baseline 0.006 -30"><span class='ocrx_word' id='word_1_34' title='bbox 478 1716 514 1790; x_wconf 93' lang='lat' dir='ltr'>N</span> <span class='ocrx_word' id='word_1_35' title='bbox 517 1742 564 1792; x_wconf 93' lang='lat' dir='ltr'>on</span> <span class='ocrx_word' id='word_1_36' title='bbox 582 1729 717 1817; x_wconf 88' lang='lat' dir='ltr'>peccat</span> <span class='ocrx_word' id='word_1_37' title='bbox 733 1741 983 1818; x_wconf 89' lang='lat' dir='ltr'>quaecumque</span> <span class='ocrx_word' id='word_1_38' title='bbox 999 1731 1125 1819; x_wconf 87' lang='lat' dir='ltr'>potest</span> <span class='ocrx_word' id='word_1_39' title='bbox 1141 1746 1321 1821; x_wconf 82' lang='lat' dir='ltr'>peccasse</span> <span class='ocrx_word' id='word_1_40' title='bbox 1338 1746 1495 1819; x_wconf 83' lang='lat' dir='ltr'>negare:</span> 
     </span>
     <span class='ocr_line' id='line_1_8' title="bbox 528 1834 1514 1936; baseline 0.007 -29"><span class='ocrx_word' id='word_1_41' title='bbox 528 1834 693 1934; x_wconf 86' lang='lat' dir='ltr'>Solaque</span> <span class='ocrx_word' id='word_1_42' title='bbox 710 1834 915 1910; x_wconf 88' lang='lat' dir='ltr'>deformem</span> <span class='ocrx_word' id='word_1_43' title='bbox 932 1836 1045 1935; x_wconf 90' lang='lat' dir='ltr'>culpa</span> <span class='ocrx_word' id='word_1_44' title='bbox 1061 1836 1232 1936; x_wconf 83' lang='lat' dir='ltr'>professa</span> <span class='ocrx_word' id='word_1_45' title='bbox 1248 1838 1348 1913; x_wconf 85' lang='lat' dir='ltr'>facit.</span> <span class='ocrx_word' id='word_1_46' title='bbox 1491 1844 1514 1914; x_wconf 90' lang='grc'>6</span> 
     </span>
     <span class='ocr_line' id='line_1_9' title="bbox 477 1947 1496 2050; baseline 0.004 -27"><span class='ocrx_word' id='word_1_47' title='bbox 477 1947 572 2034; x_wconf 84' lang='lat' dir='ltr'>Quis</span> <span class='ocrx_word' id='word_1_48' title='bbox 589 1950 690 2024; x_wconf 85' lang='lat' dir='ltr'>furor</span> <span class='ocrx_word' id='word_1_49' title='bbox 706 1962 777 2039; x_wconf 88' lang='lat' dir='ltr'>ast,</span> <span class='ocrx_word' id='word_1_50' title='bbox 796 1977 881 2050; x_wconf 85' lang='lat' dir='ltr'>quac</span> <span class='ocrx_word' id='word_1_51' title='bbox 899 1963 1009 2027; x_wconf 89' lang='lat' dir='ltr'>nocte</span> <span class='ocrx_word' id='word_1_52' title='bbox 1026 1953 1156 2040; x_wconf 89' lang='lat' dir='ltr'>latent,</span> <span class='ocrx_word' id='word_1_53' title='bbox 1174 1956 1245 2028; x_wconf 90' lang='lat' dir='ltr'>snb</span> <span class='ocrx_word' id='word_1_54' title='bbox 1262 1956 1347 2031; x_wconf 92' lang='lat' dir='ltr'>luce</span> <span class='ocrx_word' id='word_1_55' title='bbox 1364 1955 1496 2030; x_wconf 79' lang='lat' dir='ltr'>sateril</span> 
     </span>
     <span class='ocr_line' id='line_1_10' title="bbox 528 2065 1373 2170; baseline 0.005 -29"><span class='ocrx_word' id='word_1_56' title='bbox 528 2065 680 2166; x_wconf 83' lang='lat' dir='ltr'>thuae</span> <span class='ocrx_word' id='word_1_57' title='bbox 697 2068 795 2142; x_wconf 86' lang='lat' dir='ltr'>elam</span> <span class='ocrx_word' id='word_1_58' title='bbox 812 2068 940 2156; x_wconf 79' lang='lat' dir='ltr'>facias,</span> <span class='ocrx_word' id='word_1_59' title='bbox 960 2069 1060 2145; x_wconf 84' lang='lat' dir='ltr'>sacta</span> <span class='ocrx_word' id='word_1_60' title='bbox 1073 2069 1209 2145; x_wconf 86' lang='lat' dir='ltr'>referre</span> <span class='ocrx_word' id='word_1_61' title='bbox 1226 2072 1373 2170; x_wconf 81' lang='lat' dir='ltr'>palaml</span> 
     </span>
     <span class='ocr_line' id='line_1_11' title="bbox 477 2183 1303 2285; baseline 0.002 -28"><span class='ocrx_word' id='word_1_62' title='bbox 477 2183 611 2282; x_wconf 85' lang='lat' dir='ltr'>Ignoto</span> <span class='ocrx_word' id='word_1_63' title='bbox 629 2185 805 2260; x_wconf 89' lang='lat' dir='ltr'>meretrix</span> <span class='ocrx_word' id='word_1_64' title='bbox 823 2210 958 2285; x_wconf 91' lang='lat' dir='ltr'>corpus</span> <span class='ocrx_word' id='word_1_65' title='bbox 971 2187 1149 2283; x_wconf 88' lang='lat' dir='ltr'>junctura</span> <span class='ocrx_word' id='word_1_66' title='bbox 1167 2186 1303 2271; x_wconf 91' lang='lat' dir='ltr'>Quiriti</span> 
     </span>
     <span class='ocr_line' id='line_1_12' title="bbox 526 2299 1514 2400; baseline 0 -26"><span class='ocrx_word' id='word_1_67' title='bbox 526 2299 709 2399; x_wconf 73' lang='lat' dir='ltr'>Adpositd</span> <span class='ocrx_word' id='word_1_68' title='bbox 725 2302 907 2400; x_wconf 92' lang='lat' dir='ltr'>populum</span> <span class='ocrx_word' id='word_1_69' title='bbox 924 2304 1120 2378; x_wconf 83' lang='lat' dir='ltr'>submovet</span> <span class='ocrx_word' id='word_1_70' title='bbox 1137 2314 1224 2378; x_wconf 87' lang='lat' dir='ltr'>ante</span> <span class='ocrx_word' id='word_1_71' title='bbox 1241 2305 1339 2379; x_wconf 71' lang='lat' dir='ltr'>serat.</span> <span class='ocrx_word' id='word_1_72' title='bbox 1358 2369 1361 2376; x_wconf 91' lang='grc'><em>,</em></span> <span class='ocrx_word' id='word_1_73' title='bbox 1469 2307 1514 2375; x_wconf 87' lang='grc'>10</span> 
     </span>
     <span class='ocr_line' id='line_1_13' title="bbox 476 2414 1336 2518; baseline 0.007 -31"><span class='ocrx_word' id='word_1_74' title='bbox 476 2414 534 2488; x_wconf 85' lang='lat' dir='ltr'>Tu</span> <span class='ocrx_word' id='word_1_75' title='bbox 551 2426 617 2489; x_wconf 89' lang='lat' dir='ltr'>tua</span> <span class='ocrx_word' id='word_1_76' title='bbox 633 2417 834 2515; x_wconf 88' lang='lat' dir='ltr'>prostitues</span> <span class='ocrx_word' id='word_1_77' title='bbox 852 2417 960 2492; x_wconf 85' lang='lat' dir='ltr'>famae</span> <span class='ocrx_word' id='word_1_78' title='bbox 978 2431 1138 2518; x_wconf 86' lang='lat' dir='ltr'>peccata</span> <span class='ocrx_word' id='word_1_79' title='bbox 1154 2420 1336 2507; x_wconf 79' lang='lat' dir='ltr'>sinistroe3</span> 
     </span>
     <span class='ocr_line' id='line_1_14' title="bbox 526 2529 1271 2633; baseline 0.007 -30"><span class='ocrx_word' id='word_1_80' title='bbox 526 2529 728 2604; x_wconf 86' lang='lat' dir='ltr'>Commissi</span> <span class='ocrx_word' id='word_1_81' title='bbox 744 2555 903 2630; x_wconf 84' lang='lat' dir='ltr'>perages</span> <span class='ocrx_word' id='word_1_82' title='bbox 920 2533 1176 2633; x_wconf 88' lang='lat' dir='ltr'>indiciumque</span> <span class='ocrx_word' id='word_1_83' title='bbox 1193 2536 1271 2609; x_wconf 75' lang='lat' dir='ltr'>tui?</span> 
     </span>
     <span class='ocr_line' id='line_1_15' title="bbox 478 2646 1461 2749; baseline 0.004 -29"><span class='ocrx_word' id='word_1_84' title='bbox 478 2646 537 2720; x_wconf 91' lang='lat' dir='ltr'>Sit</span> <span class='ocrx_word' id='word_1_85' title='bbox 553 2646 621 2722; x_wconf 90' lang='lat' dir='ltr'>tibi</span> <span class='ocrx_word' id='word_1_86' title='bbox 638 2671 745 2721; x_wconf 87' lang='lat' dir='ltr'>mens</span> <span class='ocrx_word' id='word_1_87' title='bbox 762 2648 905 2735; x_wconf 88' lang='lat' dir='ltr'>melior,</span> <span class='ocrx_word' id='word_1_88' title='bbox 924 2649 1104 2724; x_wconf 89' lang='lat' dir='ltr'>saltemve</span> <span class='ocrx_word' id='word_1_89' title='bbox 1121 2650 1266 2724; x_wconf 89' lang='lat' dir='ltr'>imitere</span> <span class='ocrx_word' id='word_1_90' title='bbox 1284 2651 1461 2749; x_wconf 83' lang='lat' dir='ltr'>pudicas3</span> 
     </span>
     <span class='ocr_line' id='line_1_16' title="bbox 524 2760 1495 2866; baseline 0.006 -33"><span class='ocrx_word' id='word_1_91' title='bbox 524 2760 656 2860; x_wconf 89' lang='lat' dir='ltr'>Teque</span> <span class='ocrx_word' id='word_1_92' title='bbox 674 2764 843 2862; x_wconf 89' lang='lat' dir='ltr'>probam,</span> <span class='ocrx_word' id='word_1_93' title='bbox 862 2765 1033 2861; x_wconf 85' lang='lat' dir='ltr'>quamvis</span> <span class='ocrx_word' id='word_1_94' title='bbox 1051 2789 1125 2839; x_wconf 92' lang='lat' dir='ltr'>non</span> <span class='ocrx_word' id='word_1_95' title='bbox 1143 2766 1228 2851; x_wconf 75' lang='lat' dir='ltr'>erio,</span> <span class='ocrx_word' id='word_1_96' title='bbox 1247 2790 1332 2841; x_wconf 91' lang='lat' dir='ltr'>esse</span> <span class='ocrx_word' id='word_1_97' title='bbox 1348 2777 1495 2866; x_wconf 93' lang='lat' dir='ltr'>putem:</span> 
     </span>
     <span class='ocr_line' id='line_1_17' title="bbox 478 2875 1514 2980; baseline 0.004 -29"><span class='ocrx_word' id='word_1_98' title='bbox 478 2875 571 2961; x_wconf 84' lang='lat' dir='ltr'>Quae</span> <span class='ocrx_word' id='word_1_99' title='bbox 589 2877 694 2967; x_wconf 89' lang='lat' dir='ltr'>facis,</span> <span class='ocrx_word' id='word_1_100' title='bbox 713 2879 793 2953; x_wconf 84' lang='lat' dir='ltr'>hoec</span> <span class='ocrx_word' id='word_1_101' title='bbox 812 2877 944 2970; x_wconf 86' lang='lat' dir='ltr'>facito;</span> <span class='ocrx_word' id='word_1_102' title='bbox 973 2892 1118 2956; x_wconf 88' lang='lat' dir='ltr'>tantum</span> <span class='ocrx_word' id='word_1_103' title='bbox 1131 2882 1267 2957; x_wconf 88' lang='lat' dir='ltr'>fecisse</span> <span class='ocrx_word' id='word_1_104' title='bbox 1285 2893 1438 2980; x_wconf 85' lang='lat' dir='ltr'>negato:</span> <span class='ocrx_word' id='word_1_105' title='bbox 1471 2887 1514 2955; x_wconf 85' lang='lat'>15</span> 
     </span>
     <span class='ocr_line' id='line_1_18' title="bbox 527 2994 1375 3098; baseline 0.005 -29"><span class='ocrx_word' id='word_1_106' title='bbox 527 2994 564 3068; x_wconf 95' lang='lat' dir='ltr'>N</span> <span class='ocrx_word' id='word_1_107' title='bbox 566 3020 610 3071; x_wconf 92' lang='lat' dir='ltr'>ec</span> <span class='ocrx_word' id='word_1_108' title='bbox 628 2997 769 3097; x_wconf 85' lang='lat' dir='ltr'>pudeat</span> <span class='ocrx_word' id='word_1_109' title='bbox 785 3022 910 3072; x_wconf 88' lang='lat' dir='ltr'>coram</span> <span class='ocrx_word' id='word_1_110' title='bbox 924 3000 1039 3074; x_wconf 86' lang='lat' dir='ltr'>verba</span> <span class='ocrx_word' id='word_1_111' title='bbox 1072 3000 1244 3075; x_wconf 82' lang='lat' dir='ltr'>modesta</span> <span class='ocrx_word' id='word_1_112' title='bbox 1259 3000 1375 3098; x_wconf 88' lang='lat' dir='ltr'>loqui.</span> 
     </span>
     <span class='ocr_line' id='line_1_19' title="bbox 478 3109 1455 3214; baseline 0.007 -31"><span class='ocrx_word' id='word_1_113' title='bbox 478 3109 549 3184; x_wconf 90' lang='lat' dir='ltr'>Est</span> <span class='ocrx_word' id='word_1_114' title='bbox 566 3112 632 3209; x_wconf 94' lang='lat' dir='ltr'>qui</span> <span class='ocrx_word' id='word_1_115' title='bbox 649 3114 855 3209; x_wconf 87' lang='lat' dir='ltr'>nequitiam</span> <span class='ocrx_word' id='word_1_116' title='bbox 873 3115 978 3189; x_wconf 89' lang='lat' dir='ltr'>locus</span> <span class='ocrx_word' id='word_1_117' title='bbox 996 3116 1135 3214; x_wconf 85' lang='lat' dir='ltr'>exigat.</span> <span class='ocrx_word' id='word_1_118' title='bbox 1163 3117 1336 3192; x_wconf 91' lang='lat' dir='ltr'>omnibus</span> <span class='ocrx_word' id='word_1_119' title='bbox 1353 3117 1455 3190; x_wconf 93' lang='lat' dir='ltr'>illum</span> 
     </span>
     <span class='ocr_line' id='line_1_20' title="bbox 527 3225 1332 3332; baseline 0.007 -33"><span class='ocrx_word' id='word_1_120' title='bbox 527 3225 683 3301; x_wconf 87' lang='lat' dir='ltr'>Deliciis</span> <span class='ocrx_word' id='word_1_121' title='bbox 700 3229 827 3329; x_wconf 92' lang='lat' dir='ltr'>imple.</span> <span class='ocrx_word' id='word_1_122' title='bbox 855 3241 931 3306; x_wconf 90' lang='lat' dir='ltr'>stet</span> <span class='ocrx_word' id='word_1_123' title='bbox 947 3233 1077 3331; x_wconf 90' lang='lat' dir='ltr'>procul</span> <span class='ocrx_word' id='word_1_124' title='bbox 1095 3233 1181 3307; x_wconf 94' lang='lat' dir='ltr'>inde</span> <span class='ocrx_word' id='word_1_125' title='bbox 1199 3233 1332 3332; x_wconf 85' lang='lat' dir='ltr'>pudor.</span> 
     </span>
     <span class='ocr_line' id='line_1_21' title="bbox 477 3338 1382 3448; baseline 0.007 -35"><span class='ocrx_word' id='word_1_126' title='bbox 477 3338 576 3415; x_wconf 91' lang='lat' dir='ltr'>Hinc</span> <span class='ocrx_word' id='word_1_127' title='bbox 594 3343 705 3417; x_wconf 88' lang='lat' dir='ltr'>simul</span> <span class='ocrx_word' id='word_1_128' title='bbox 722 3346 876 3436; x_wconf 82' lang='lat' dir='ltr'>exieris3</span> <span class='ocrx_word' id='word_1_129' title='bbox 905 3349 1058 3422; x_wconf 89' lang='lat' dir='ltr'>lascivia</span> <span class='ocrx_word' id='word_1_130' title='bbox 1074 3348 1243 3448; x_wconf 90' lang='lat' dir='ltr'>protinus</span> <span class='ocrx_word' id='word_1_131' title='bbox 1260 3349 1382 3421; x_wconf 90' lang='lat' dir='ltr'>omnis</span> 
     </span>
     <span class='ocr_line' id='line_1_22' title="bbox 525 3456 1514 3566; baseline 0.003 -35"><span class='ocrx_word' id='word_1_132' title='bbox 525 3456 657 3534; x_wconf 83' lang='lat' dir='ltr'>Absit:</span> <span class='ocrx_word' id='word_1_133' title='bbox 685 3470 725 3533; x_wconf 91' lang='lat' dir='ltr'>et</span> <span class='ocrx_word' id='word_1_134' title='bbox 740 3461 891 3537; x_wconf 87' lang='lat' dir='ltr'>inlecto</span> <span class='ocrx_word' id='word_1_135' title='bbox 909 3465 1065 3539; x_wconf 85' lang='lat' dir='ltr'>erimina</span> <span class='ocrx_word' id='word_1_136' title='bbox 1081 3489 1179 3566; x_wconf 91' lang='lat' dir='ltr'>pone</span> <span class='ocrx_word' id='word_1_137' title='bbox 1196 3475 1274 3537; x_wconf 89' lang='lat' dir='ltr'>tuo.</span> <span class='ocrx_word' id='word_1_138' title='bbox 1466 3467 1514 3534; x_wconf 79' lang='lat'>20</span> 
     </span>
     <span class='ocr_line' id='line_1_23' title="bbox 478 3573 1333 3681; baseline 0.006 -35"><span class='ocrx_word' id='word_1_139' title='bbox 478 3573 559 3647; x_wconf 91' lang='lat' dir='ltr'>Illic</span> <span class='ocrx_word' id='word_1_140' title='bbox 577 3598 647 3648; x_wconf 90' lang='lat' dir='ltr'>nec</span> <span class='ocrx_word' id='word_1_141' title='bbox 665 3575 829 3650; x_wconf 87' lang='lat' dir='ltr'>tunicam</span> <span class='ocrx_word' id='word_1_142' title='bbox 846 3579 915 3652; x_wconf 91' lang='lat' dir='ltr'>tibi</span> <span class='ocrx_word' id='word_1_143' title='bbox 934 3581 984 3653; x_wconf 90' lang='lat' dir='ltr'>sit</span> <span class='ocrx_word' id='word_1_144' title='bbox 999 3582 1169 3681; x_wconf 88' lang='lat' dir='ltr'>posuisse</span> <span class='ocrx_word' id='word_1_145' title='bbox 1187 3579 1333 3668; x_wconf 89' lang='lat' dir='ltr'>rubori;</span> 
     </span>
     <span class='ocr_line' id='line_1_24' title="bbox 526 3689 1383 3793; baseline 0.004 -30"><span class='ocrx_word' id='word_1_146' title='bbox 526 3689 562 3763; x_wconf 95' lang='lat' dir='ltr'>N</span> <span class='ocrx_word' id='word_1_147' title='bbox 565 3714 609 3764; x_wconf 91' lang='lat' dir='ltr'>ec</span> <span class='ocrx_word' id='word_1_148' title='bbox 626 3690 755 3766; x_wconf 83' lang='lat' dir='ltr'>femori</span> <span class='ocrx_word' id='word_1_149' title='bbox 772 3693 988 3793; x_wconf 92' lang='lat' dir='ltr'>impositum</span> <span class='ocrx_word' id='word_1_150' title='bbox 1006 3697 1228 3772; x_wconf 87' lang='lat' dir='ltr'>sustinuisse</span> <span class='ocrx_word' id='word_1_151' title='bbox 1245 3695 1383 3769; x_wconf 82' lang='lat' dir='ltr'>femur:</span> 
     </span>
    </p>
   </div>
   <div class='ocr_carea' id='block_1_4' title="bbox 471 3925 1518 4658">
    <p class='ocr_par' dir='ltr' id='par_1_4' title="bbox 472 3925 1517 4068">
     <span class='ocr_line' id='line_1_25' title="bbox 506 3925 1517 3995; baseline 0.002 -20"><span class='ocrx_word' id='word_1_152' title='bbox 506 3928 531 3976; x_wconf 81' lang='lat' dir='ltr'>t.</span> <span class='ocrx_word' id='word_1_153' title='bbox 548 3925 632 3992; x_wconf 76' lang='lat' dir='ltr'>Rogo]</span> <span class='ocrx_word' id='word_1_154' title='bbox 652 3927 681 3976; x_wconf 88' lang='lat' dir='ltr'>In</span> <span class='ocrx_word' id='word_1_155' title='bbox 697 3927 768 3976; x_wconf 76' lang='lat' dir='ltr'>MSS.</span> <span class='ocrx_word' id='word_1_156' title='bbox 784 3927 878 3992; x_wconf 77' lang='lat' dir='ltr'>legitur,</span> <span class='ocrx_word' id='word_1_157' title='bbox 895 3940 970 3995; x_wconf 78' lang='lat' dir='ltr'>rogat.</span> <span class='ocrx_word' id='word_1_158' title='bbox 1019 3930 1090 3979; x_wconf 69' lang='lat' dir='ltr'>baron</span> <span class='ocrx_word' id='word_1_159' title='bbox 1106 3938 1131 3978; x_wconf 86' lang='lat' dir='ltr'>et</span> <span class='ocrx_word' id='word_1_160' title='bbox 1141 3930 1233 3986; x_wconf 80' lang='lat' dir='ltr'>Gallos,</span> <span class='ocrx_word' id='word_1_161' title='bbox 1244 3945 1286 3994; x_wconf 88' lang='lat' dir='ltr'>per</span> <span class='ocrx_word' id='word_1_162' title='bbox 1295 3928 1413 3993; x_wconf 68' lang='lat' dir='ltr'>deferam,</span> <span class='ocrx_word' id='word_1_163' title='bbox 1426 3936 1517 3977; x_wconf 68' lang='lat' dir='ltr'>emto·</span> 
     </span>
     <span class='ocr_line' id='line_1_26' title="bbox 472 3999 1515 4068; baseline -0.003 -17"><span class='ocrx_word' id='word_1_164' title='bbox 472 3999 733 4051; x_wconf 76' lang='lat' dir='ltr'>scil-censuruuostrt.</span> <span class='ocrx_word' id='word_1_165' title='bbox 765 4001 879 4051; x_wconf 74' lang='lat' dir='ltr'>Murrus.</span> <span class='ocrx_word' id='word_1_166' title='bbox 1020 4004 1198 4061; x_wconf 67' lang='lat' dir='ltr'>recensoribus,</span> <span class='ocrx_word' id='word_1_167' title='bbox 1209 4019 1269 4068; x_wconf 76' lang='lat' dir='ltr'>quoa</span> <span class='ocrx_word' id='word_1_168' title='bbox 1279 4003 1361 4051; x_wconf 70' lang='lat' dir='ltr'>Cesar</span> <span class='ocrx_word' id='word_1_169' title='bbox 1371 4001 1515 4050; x_wconf 78' lang='lat' dir='ltr'>inSemtun</span> 
     </span>
    </p>

    <p class='ocr_par' dir='ltr' id='par_1_5' title="bbox 471 4074 1518 4658">
     <span class='ocr_line' id='line_1_27' title="bbox 504 4074 1516 4143; baseline 0.001 -20"><span class='ocrx_word' id='word_1_170' title='bbox 504 4076 529 4124; x_wconf 81' lang='lat'>6.</span> <span class='ocrx_word' id='word_1_171' title='bbox 546 4075 699 4141; x_wconf 62' lang='lat' dir='ltr'>Momm]</span> <span class='ocrx_word' id='word_1_172' title='bbox 719 4075 781 4125; x_wconf 89' lang='lat' dir='ltr'>Cum</span> <span class='ocrx_word' id='word_1_173' title='bbox 796 4076 912 4126; x_wconf 73' lang='lat' dir='ltr'>editiones</span> <span class='ocrx_word' id='word_1_174' title='bbox 928 4094 970 4127; x_wconf 84' lang='lat' dir='ltr'>un·</span> <span class='ocrx_word' id='word_1_175' title='bbox 1020 4076 1141 4141; x_wconf 64' lang='lat' dir='ltr'>allegerat,</span> <span class='ocrx_word' id='word_1_176' title='bbox 1163 4076 1225 4143; x_wconf 87' lang='lat' dir='ltr'>(vid.</span> <span class='ocrx_word' id='word_1_177' title='bbox 1246 4076 1309 4125; x_wconf 70' lang='lat' dir='ltr'>Cet.</span> <span class='ocrx_word' id='word_1_178' title='bbox 1332 4074 1385 4137; x_wconf 80' lang='lat'>41.)</span> <span class='ocrx_word' id='word_1_179' title='bbox 1407 4075 1516 4124; x_wconf 70' lang='lat' dir='ltr'>innuens</span> 
     </span>
     <span class='ocr_line' id='line_1_28' title="bbox 472 4148 1110 4214; baseline 0.003 -16"><span class='ocrx_word' id='word_1_180' title='bbox 472 4148 585 4214; x_wconf 77' lang='lat' dir='ltr'>tiquioros</span> <span class='ocrx_word' id='word_1_181' title='bbox 601 4158 626 4197; x_wconf 83' lang='lat' dir='ltr'>et</span> <span class='ocrx_word' id='word_1_182' title='bbox 636 4149 824 4198; x_wconf 75' lang='lat' dir='ltr'>Palatinurcum</span> <span class='ocrx_word' id='word_1_183' title='bbox 839 4159 893 4199; x_wconf 84' lang='lat' dir='ltr'>octo</span> <span class='ocrx_word' id='word_1_184' title='bbox 909 4151 970 4207; x_wconf 80' lang='lat' dir='ltr'>aliis,</span> <span class='ocrx_word' id='word_1_185' title='bbox 1020 4152 1110 4200; x_wconf 81' lang='lat' dir='ltr'>Bumr.</span> 
     </span>
     <span class='ocr_line' id='line_1_29' title="bbox 471 4223 1516 4289; baseline -0.002 -17"><span class='ocrx_word' id='word_1_186' title='bbox 471 4224 593 4289; x_wconf 75' lang='lat' dir='ltr'>defamem</span> <span class='ocrx_word' id='word_1_187' title='bbox 610 4223 748 4281; x_wconf 81' lang='lat' dir='ltr'>exhibeant,</span> <span class='ocrx_word' id='word_1_188' title='bbox 768 4239 821 4274; x_wconf 83' lang='lat' dir='ltr'>earn</span> <span class='ocrx_word' id='word_1_189' title='bbox 839 4240 922 4274; x_wconf 77' lang='lat' dir='ltr'>vocem</span> <span class='ocrx_word' id='word_1_190' title='bbox 939 4227 970 4274; x_wconf 78' lang='lat' dir='ltr'>ab</span> <span class='ocrx_word' id='word_1_191' title='bbox 1052 4226 1077 4274; x_wconf 82' lang='lat'>7.</span> <span class='ocrx_word' id='word_1_192' title='bbox 1093 4225 1209 4289; x_wconf 56' lang='lat' dir='ltr'>lulum]</span> <span class='ocrx_word' id='word_1_193' title='bbox 1229 4227 1276 4273; x_wconf 80' lang='lat' dir='ltr'>Sub</span> <span class='ocrx_word' id='word_1_194' title='bbox 1293 4228 1344 4274; x_wconf 78' lang='lat' dir='ltr'>luce</span> <span class='ocrx_word' id='word_1_195' title='bbox 1360 4224 1448 4273; x_wconf 81' lang='lat' dir='ltr'>dnoex</span> <span class='ocrx_word' id='word_1_196' title='bbox 1466 4239 1516 4271; x_wconf 82' lang='lat' dir='ltr'>rne-</span> 
     </span>
     <span class='ocr_line' id='line_1_30' title="bbox 472 4297 1517 4363; baseline -0.001 -18"><span class='ocrx_word' id='word_1_197' title='bbox 472 4297 561 4346; x_wconf 83' lang='lat' dir='ltr'>Ovidio</span> <span class='ocrx_word' id='word_1_198' title='bbox 570 4314 730 4362; x_wconf 77' lang='lat' dir='ltr'>promanasse,</span> <span class='ocrx_word' id='word_1_199' title='bbox 733 4297 848 4363; x_wconf 69' lang='lat' dir='ltr'>sonoram</span> <span class='ocrx_word' id='word_1_200' title='bbox 855 4317 870 4348; x_wconf 86' lang='lat' dir='ltr'>a</span> <span class='ocrx_word' id='word_1_201' title='bbox 880 4301 968 4362; x_wconf 78' lang='lat' dir='ltr'>glossa·</span> <span class='ocrx_word' id='word_1_202' title='bbox 1020 4298 1124 4348; x_wconf 75' lang='lat' dir='ltr'>lioribus.</span> <span class='ocrx_word' id='word_1_203' title='bbox 1135 4300 1265 4348; x_wconf 77' lang='lat' dir='ltr'>Humerus.</span> <span class='ocrx_word' id='word_1_204' title='bbox 1284 4299 1446 4348; x_wconf 79' lang='lat' dir='ltr'>Menteliunus</span> <span class='ocrx_word' id='word_1_205' title='bbox 1453 4311 1517 4351; x_wconf 81' lang='lat' dir='ltr'>vero,</span> 
     </span>
     <span class='ocr_line' id='line_1_31' title="bbox 472 4372 1517 4440; baseline 0.001 -22"><span class='ocrx_word' id='word_1_206' title='bbox 472 4372 569 4428; x_wconf 81' lang='lat' dir='ltr'>toribus,</span> <span class='ocrx_word' id='word_1_207' title='bbox 578 4373 684 4422; x_wconf 81' lang='lat' dir='ltr'>arbitror.</span> <span class='ocrx_word' id='word_1_208' title='bbox 694 4374 870 4438; x_wconf 76' lang='lat' dir='ltr'>dej&#39;onnirenim</span> <span class='ocrx_word' id='word_1_209' title='bbox 878 4383 971 4440; x_wconf 83' lang='lat' dir='ltr'>turpem</span> <span class='ocrx_word' id='word_1_210' title='bbox 1020 4391 1072 4421; x_wconf 70' lang='lat' dir='ltr'>cun</span> <span class='ocrx_word' id='word_1_211' title='bbox 1084 4375 1141 4422; x_wconf 81' lang='lat' dir='ltr'>luce.</span> <span class='ocrx_word' id='word_1_212' title='bbox 1155 4372 1219 4438; x_wconf 91' lang='lat' dir='ltr'>qnod</span> <span class='ocrx_word' id='word_1_213' title='bbox 1229 4374 1341 4439; x_wconf 78' lang='lat' dir='ltr'>majorem</span> <span class='ocrx_word' id='word_1_214' title='bbox 1351 4375 1377 4421; x_wconf 79' lang='lat' dir='ltr'>iu</span> <span class='ocrx_word' id='word_1_215' title='bbox 1386 4372 1517 4437; x_wconf 76' lang='lat' dir='ltr'>profitendo</span> 
     </span>
     <span class='ocr_line' id='line_1_32' title="bbox 472 4443 1517 4513; baseline 0.002 -21"><span class='ocrx_word' id='word_1_216' title='bbox 472 4454 498 4492; x_wconf 82' lang='lat' dir='ltr'>et</span> <span class='ocrx_word' id='word_1_217' title='bbox 506 4443 621 4494; x_wconf 66' lang='lat' dir='ltr'>summm</span> <span class='ocrx_word' id='word_1_218' title='bbox 631 4454 707 4495; x_wconf 86' lang='lat' dir='ltr'>uotnt.</span> <span class='ocrx_word' id='word_1_219' title='bbox 719 4446 754 4496; x_wconf 76' lang='lat' dir='ltr'>ita</span> <span class='ocrx_word' id='word_1_220' title='bbox 768 4448 895 4498; x_wconf 80' lang='lat' dir='ltr'>Suetonius</span> <span class='ocrx_word' id='word_1_221' title='bbox 905 4449 970 4513; x_wconf 78' lang='lat' dir='ltr'>Aug.</span> <span class='ocrx_word' id='word_1_222' title='bbox 1021 4446 1118 4496; x_wconf 65' lang='lat' dir='ltr'>crimin</span> <span class='ocrx_word' id='word_1_223' title='bbox 1128 4445 1302 4496; x_wconf 65' lang='lat' dir='ltr'>saumonem</span> <span class='ocrx_word' id='word_1_224' title='bbox 1310 4457 1335 4496; x_wconf 82' lang='lat' dir='ltr'>et</span> <span class='ocrx_word' id='word_1_225' title='bbox 1345 4445 1517 4513; x_wconf 74' lang='lat' dir='ltr'>impudentium</span> 
     </span>
     <span class='ocr_line' id='line_1_33' title="bbox 472 4515 1518 4586; baseline 0.001 -20"><span class='ocrx_word' id='word_1_226' title='bbox 472 4518 514 4566; x_wconf 72' lang='grc'>36.</span> <span class='ocrx_word' id='word_1_227' title='bbox 547 4515 693 4568; x_wconf 71' lang='lat' dir='ltr'>Inconditum</span> <span class='ocrx_word' id='word_1_228' title='bbox 708 4530 729 4568; x_wconf 76' lang='lat' dir='ltr'>et</span> <span class='ocrx_word' id='word_1_229' title='bbox 745 4522 866 4586; x_wconf 59' lang='lat' dir='ltr'>dffmm</span> <span class='ocrx_word' id='word_1_230' title='bbox 881 4525 971 4570; x_wconf 77' lang='lat' dir='ltr'>turbon</span> <span class='ocrx_word' id='word_1_231' title='bbox 1021 4530 1093 4570; x_wconf 79' lang='lat' dir='ltr'>notat.</span> <span class='ocrx_word' id='word_1_232' title='bbox 1128 4521 1185 4568; x_wconf 75' lang='lat' dir='ltr'>Can</span> <span class='ocrx_word' id='word_1_233' title='bbox 1203 4523 1297 4570; x_wconf 60' lang='lat' dir='ltr'>hatest</span> <span class='ocrx_word' id='word_1_234' title='bbox 1316 4521 1388 4577; x_wconf 85' lang='lat' dir='ltr'>eninr,</span> <span class='ocrx_word' id='word_1_235' title='bbox 1400 4519 1471 4570; x_wconf 84' lang='lat' dir='ltr'>simul</span> <span class='ocrx_word' id='word_1_236' title='bbox 1490 4535 1518 4567; x_wconf 82' lang='lat' dir='ltr'>ac</span> 
     </span>
     <span class='ocr_line' id='line_1_34' title="bbox 471 4590 1299 4658; baseline 0.01 -22"><span class='ocrx_word' id='word_1_237' title='bbox 471 4590 606 4640; x_wconf 72' lang='lat' dir='ltr'>Senatorum</span> <span class='ocrx_word' id='word_1_238' title='bbox 618 4601 696 4641; x_wconf 83' lang='lat' dir='ltr'>vocat.</span> <span class='ocrx_word' id='word_1_239' title='bbox 714 4598 895 4658; x_wconf 61' lang='lat' dir='ltr'>periucundum</span> <span class='ocrx_word' id='word_1_240' title='bbox 912 4596 970 4645; x_wconf 87' lang='lat' dir='ltr'>Bar·</span> <span class='ocrx_word' id='word_1_241' title='bbox 1021 4596 1060 4646; x_wconf 83' lang='lat' dir='ltr'>lux</span> <span class='ocrx_word' id='word_1_242' title='bbox 1072 4604 1122 4645; x_wconf 86' lang='lat' dir='ltr'>orta</span> <span class='ocrx_word' id='word_1_243' title='bbox 1133 4606 1178 4646; x_wconf 83' lang='lat' dir='ltr'>est.</span> <span class='ocrx_word' id='word_1_244' title='bbox 1212 4597 1299 4645; x_wconf 76' lang='lat' dir='ltr'>Burri.</span> 
     </span>
    </p>
   </div>
   <div class='ocr_carea' id='block_1_5' title="bbox 0 0 1806 5925">
    <p class='ocr_par' dir='ltr' id='par_1_6' title="bbox 0 0 1806 5925">
     <span class='ocr_line' id='line_1_35' title="bbox 0 0 1806 5925; baseline 0 0"><span class='ocrx_word' id='word_1_245' title='bbox 0 0 1806 5925; x_wconf 95' lang='lat' dir='ltr'> </span> 
     </span>
    </p>
   </div>
  </div>
 </body>
</html>
