3600 5925
539 776 681 845 ARTIS
704 773 971 843 AMATORIAE
994 778 1084 845 LIB.
1109 779 1136 843 1.
1295 781 1361 846 449

320 951 422 1026 Usus
439 973 534 1050 opus
551 961 676 1024 movet
692 950 776 1023 hoc.
804 950 878 1023 rati
896 961 1025 1048 parete
1042 952 1173 1049 perito.

366 1067 467 1142 Vera
482 1090 627 1141 canam.
646 1066 793 1165 ooeptis,
811 1077 931 1139 mater
948 1065 1108 1172 Amoris,
1128 1067 1231 1140 ades.
1308 1072 1358 1141 30

318 1181 411 1257 Este
427 1181 558 1281 procul
573 1182 676 1255 vittae
693 1191 838 1268 tenues
857 1180 1003 1275 insigne
1020 1181 1191 1278 pudoris;

366 1298 537 1395 Quaeque
554 1297 651 1394 tegis
668 1295 824 1381 medios,
844 1295 972 1369 instita
988 1295 1110 1392 longa,
1129 1296 1257 1395 pedes.

318 1412 400 1488 Nos
409 1412 595 1487 Venerem
611 1421 745 1497 tutam,
763 1433 1020 1508 concessaque
1037 1410 1147 1497 furta,
1159 1436 1355 1488 canemus:

367 1527 489 1626 Inque
506 1552 591 1602 meo
609 1527 752 1600 nullum
769 1527 933 1601 carmine
950 1527 1091 1601 crimen
1107 1528 1190 1602 erit.

317 1644 521 1743 Principio,
541 1644 643 1743 quod
658 1666 783 1718 amare
800 1643 905 1730 velie,
924 1643 1086 1740 reperire
1104 1643 1243 1730 labora,
1309 1648 1358 1718 35

367 1760 442 1844 Qui
459 1783 554 1835 nova
571 1784 670 1834 nunc
687 1760 849 1859 primum
866 1758 974 1834 miles
992 1758 1030 1831 in
1048 1782 1151 1832 arma
1167 1760 1284 1833 venis.

317 1874 517 1949 Proximus
527 1876 614 1950 huie
624 1876 730 1949 labor
744 1888 813 1963 est,
825 1875 1001 1975 placitam
1012 1895 1168 1949 exorare
1181 1875 1355 1975 puellam.

366 1989 527 2077 Tertius,
546 2000 588 2065 ut
603 1991 715 2088 longo
731 2000 901 2089 tempore
918 1990 1029 2064 duret
1045 2013 1160 2064 amor.

318 2104 391 2178 Hie
409 2105 561 2194 modum
590 2106 671 2179 haec
689 2118 817 2181 nostro
834 2106 1043 2204 signabitur
1059 2129 1147 2181 area
1163 2130 1292 2181 curru:

367 2218 461 2294 Haec
478 2221 550 2295 erit
565 2222 731 2296 admissa
748 2234 850 2298 meta
865 2222 1022 2298 terenda
1038 2223 1131 2296 rom.
1307 2226 1357 2294 40

319 2334 421 2408 Dum
438 2334 540 2421 licet,
558 2344 598 2409 et
613 2335 701 2410 loris
720 2337 861 2435 passim
878 2348 987 2435 potes
1005 2337 1058 2410 ire
1075 2337 1227 2426 solutis;

307 2503 312 2512 .
369 2449 492 2548 Elige,
510 2451 573 2524 cui
589 2450 706 2537 dicas,
725 2450 783 2524 Tu
801 2451 891 2524 mihi
910 2451 992 2524 sola
1007 2449 1148 2548 places.

319 2563 411 2639 llaec
429 2565 500 2639 tibi
518 2589 593 2639 non
609 2574 745 2640 tenues
762 2565 888 2639 veniet
904 2566 1061 2663 delapsa
1076 2589 1143 2664 per
1160 2587 1289 2639 auras:

367 2680 581 2764 Quaerenda
597 2690 656 2754 est
672 2680 792 2753 oculis
810 2690 900 2778 apta
916 2680 1040 2778 puella
1059 2680 1147 2753 tuis.

318 2794 401 2868 Scit
418 2795 515 2868 bene
531 2804 696 2880 venator,
715 2794 834 2868 cervis
853 2794 917 2868 ubi
935 2794 1030 2867 retia
1046 2793 1193 2867 tendat:
1309 2799 1358 2868 45

368 2908 450 2984 Scit
467 2910 576 2997 bene,
595 2910 671 3008 qul
688 2909 862 2986 frendens
879 2910 975 2985 valle
993 2920 1157 2984 moretur
1174 2932 1274 3007 aper.

318 3025 540 3123 Aucupibus
558 3026 635 3100 noti
653 3025 819 3100 frutices,
847 3026 913 3123 qui
932 3026 1092 3100 sustinet
1109 3025 1252 3112 hamos,

368 3138 483 3214 Novit
499 3165 585 3239 quae
602 3141 719 3215 multo
736 3141 842 3239 pisce
860 3150 1034 3215 natentur
1051 3162 1173 3238 aqum.

316 3255 375 3330 Tu
392 3280 557 3353 quoque,
575 3256 770 3330 materiam
787 3256 898 3354 longo
916 3256 981 3353 qui
999 3255 1137 3353 quaeris
1151 3256 1279 3343 amori,

367 3371 468 3445 Ante
483 3370 658 3470 frequens
675 3394 752 3470 quo
769 3371 818 3445 sit
833 3372 939 3447 disee
957 3371 1083 3470 puella
1099 3371 1194 3445 loco.
1310 3376 1360 3447 50

349 3684 390 3733 ts.
405 3681 527 3746 Unuoprss
541 3693 611 3733 movet
628 3685 687 3748 lton]
709 3685 814 3743 Quidam
864 3688 936 3745 enim,
946 3695 1006 3736 teste
1017 3686 1074 3735 Hor.
1084 3686 1160 3733 Senn.
1171 3685 1189 3731 i.
1201 3683 1252 3732 Sst.
1263 3682 1288 3731 ii.
1299 3684 1343 3731 41:

316 3758 407 3821 legunt,
425 3757 479 3805 ruris
497 3774 552 3820 opus
567 3767 640 3806 monet
660 3759 707 3815 hot,
727 3767 754 3808 ut
774 3759 814 3816 sit,
898 3761 945 3809 llis
963 3777 985 3809 u
999 3761 1135 3822 precipitem
1152 3767 1210 3805 tscto
1226 3758 1303 3805 ‹lodtu
1321 3758 1361 3805 itta

316 3829 427 3879 utilitatis
436 3845 520 3879 caussa
531 3829 575 3880 hoc
585 3831 670 3879 scribo.
687 3830 814 3896 sedplseet
921 3836 1026 3899 flagellis

316 3903 378 3968 prior
388 3903 467 3953 lectio.
477 3904 502 3953 id
516 3913 552 3953 est
568 3920 612 3953 usu
628 3913 652 3953 et
668 3904 814 3970 experientis
896 3908 934 3953 Ad
943 3916 1034 3954 osorum
1044 3920 1123 3953 sem:
1132 3902 1233 3969 fugiens
1248 3904 1285 3951 se
1300 3906 1360 3952 ‹issi-

316 3976 400 4027 doetus
410 3978 461 4026 hnc
471 3977 556 4026 scribo.
588 3978 711 4026 Msnoss.
927 3982 1047 4028 sitam

348 4052 390 4099 31.
404 4051 458 4099 Este
467 4052 548 4114 procul
559 4053 622 4098 vittae
632 4053 812 4115 tsntm,imigns
897 4053 1068 4102 Praedonussia
1079 4054 1184 4108 turbam
1201 4051 1360 4114 amitticpro

318 4124 435 4188 pods-is]
471 4122 533 4172 Vitta
551 4132 647 4187 tegmen
663 4123 748 4189 cepitis
762 4134 813 4173 erst
926 4142 1135 4189 commanem.
1146 4126 1193 4173 tte.
1226 4123 1317 4173 Arsin.

317 4196 497 4262 muliebreque
515 4197 633 4254 Vestales,
649 4197 748 4247 etitem
761 4212 812 4247 ms·
895 4200 936 4247 40.
955 4199 1019 4247 Mers
1040 4202 1133 4247 muris
1150 4195 1224 4260 roto]
1258 4196 1359 4246 Memini

317 4280 389 4319 tronss
400 4272 535 4321 utebantur.
556 4266 652 4319 Mrcrr'..
863 4271 957 4320 illorum
976 4270 1092 4337 Propertii
1109 4269 1153 4319 lib.
1175 4270 1202 4319 ii.
1224 4269 1292 4334 meg.
1310 4269 1360 4319 sis.

350 4344 391 4392 33.
410 4343 456 4392 Nss
469 4345 660 4393 Venermtotost
670 4344 728 4408 &e.]
755 4345 812 4394 Mo·
864 4345 905 4394 66.

317 4415 386 4464 lieres
394 4415 514 4482 intelligit,
525 4418 556 4467 ed
567 4428 701 4483 qnnstotos
718 4419 814 4483 petebat
896 4417 994 4481 Septimo
1014 4433 1081 4481 possi
1101 4424 1180 4464 maon
1199 4416 1289 4463 triturit
1306 4424 1361 4463 oste

317 4488 406 4545 aditus,
434 4490 475 4554 qui
501 4491 647 4557 periculosus
677 4490 813 4547 admodum,
929 4500 986 4539 roto.
1236 4486 1326 4537 littus.

317 4578 391 4627 quum
402 4562 434 4611 sd
445 4563 582 4631 insigniores
592 4575 729 4617 tentsretur.
746 4566 813 4631 Seps

349 4641 425 4692 VOL.
435 4641 458 4691 1.
981 4642 1029 4705 ὓς
