3600 5925
543 837 805 906 HEROIDES.
828 837 900 905 ΕΡ.
922 839 1027 906 VIII.
1245 846 1312 914 106

263 1007 300 1084 N
302 1033 347 1085 ec
366 1011 558 1109 quondam
574 1012 729 1109 placuit,
747 1035 820 1087 nec
833 1015 915 1110 jam
936 1013 1142 1111 placuisset
1157 1015 1308 1107 Achilli,

313 1126 491 1201 Abducta
506 1127 661 1201 viduum
678 1130 840 1226 conjuge
857 1128 948 1203 flere
965 1130 1096 1203 virum.
1263 1139 1310 1208 86

264 1241 360 1326 Qua
377 1267 463 1318 mea
479 1244 653 1336 coelestes
670 1244 805 1342 injuria
820 1244 911 1319 fecit
927 1244 1102 1343 iniquos?

314 1358 426 1444 Quod
443 1361 536 1434 mihi
553 1362 625 1455 (voe
642 1361 805 1456 miserae)
823 1362 928 1436 sidus
945 1362 1081 1435 obesse
1099 1364 1260 1459 querar?

263 1472 386 1549 Parva
402 1499 488 1549 mea
505 1476 587 1551 sine
603 1486 722 1552 matre
738 1476 814 1566 fui3
842 1487 951 1575 pater
967 1500 1072 1551 arma
1088 1476 1254 1554 serebat:

313 1588 377 1676 Et,
396 1591 472 1664 duo
489 1614 576 1665 cum
592 1592 730 1679 vivant,
749 1593 841 1666 orba
856 1592 1004 1667 duobus
1022 1616 1137 1666 eram.
1260 1599 1311 1669 90

263 1702 352 1778 Non
369 1705 439 1780 tibi
456 1707 657 1781 blanditias
674 1708 818 1803 primis,
837 1729 925 1780 mea
941 1718 1073 1791 mater,
1091 1707 1131 1779 in
1147 1708 1255 1781 annis

314 1818 464 1893 Incerto
481 1821 601 1893 dictas
619 1841 683 1892 ore
701 1818 828 1916 puella
845 1818 928 1891 tuli.

264 1930 302 2005 N
304 1956 354 2006 on
371 1957 442 2030 ego
460 1934 607 2031 captavi
625 1932 802 2033 brevibus
821 1942 888 2006 tua
905 1932 1003 2007 colla
1019 1934 1189 2010 lacertis:

312 2048 396 2124 Nec
415 2050 556 2146 gremio
573 2050 655 2124 sedi
672 2050 821 2123 sarcina
837 2060 946 2145 grata
961 2058 1038 2122 tuo.

263 2162 350 2238 Non
368 2166 491 2239 cultis
509 2166 578 2239 tibi
597 2189 688 2239 cura
705 2166 801 2239 mei:
830 2188 900 2238 nec
920 2175 1033 2262 pacta
1049 2165 1183 2239 marito
1263 2173 1311 2242 95

311 2279 451 2355 Intravi
467 2282 665 2368 thalamos,
685 2289 805 2354 matre
822 2287 991 2377 parante,
1010 2302 1139 2352 novos.

265 2394 386 2469 Obvia
402 2398 614 2495 prodieram
631 2397 760 2472 reduci
778 2396 847 2468 tibi
865 2396 971 2489 (vera
987 2394 1150 2489 fatebor)

311 2510 348 2583 N
351 2536 395 2586 ec
412 2511 528 2587 facies
546 2515 655 2587 nobis
673 2522 764 2586 nota
779 2510 946 2610 parentis
965 2519 1056 2584 erat.

262 2623 317 2701 'Ie
344 2637 472 2702 tamen
498 2653 583 2703 esse
601 2626 787 2713 Helenen,
807 2626 910 2723 quod
937 2650 1020 2701 eras
1047 2626 1308 2724 pulcherrima,

313 2740 405 2839 Ipsa
421 2746 651 2842 requirebas,
670 2769 755 2842 quae
773 2743 841 2817 tibi
859 2756 949 2816 nata
965 2743 1071 2817 foret.
1176 2745 1306 2839 [sensi.

263 2854 360 2930 Pars
371 2857 452 2931 haec
464 2854 641 2933 una'mihi
655 2863 793 2956 conjux
804 2861 900 2933 bene
913 2860 1028 2932 cessit
1040 2858 1214 2933 Orestes:
1238 2865 1305 2934 lOl

314 2972 353 3047 Is
372 2999 536 3073 quoque,
556 2977 593 3049 ni
611 3001 678 3075 pro
696 3001 737 3050 se
759 2987 915 3075 pugnet,
934 2977 1106 3051 ademtus
1125 2976 1206 3048 erit.

261 3086 430 3185 Pyrrhus
448 3090 563 3167 habet
580 3102 738 3191 raptam,
758 3092 896 3164 reduce
914 3102 953 3164 et
969 3092 1109 3164 victore
1128 3100 1305 3188 parente:

308 3202 451 3278 Munus
470 3218 509 3280 et
525 3208 596 3281 hoc
616 3210 724 3282 nobis
742 3208 869 3282 diruta
885 3205 999 3304 'froja
1015 3207 1131 3280 dedit.

259 3400 300 3467 plo
309 3400 429 3468 Apollinis
443 3402 561 3468 Tymhrsi
578 3421 594 3454 a
610 3405 704 3464 Paride,
714 3405 757 3471 qui
873 3402 941 3464 ιιδος
950 3402 1044 3454 ὄλεσεν
1053 3403 1114 3458 τόξα
1122 3402 1223 3467 βαλῶν.
1234 3404 1308 3455 Cror.

260 3475 528 3541 abiproDeoedoctuc
537 3486 598 3534 erat,
612 3495 660 3542 qun
675 3496 755 3546 corpo
841 3480 884 3532 87.
903 3478 1042 3542 Qunam]
1058 3478 1127 3528 Alter
1136 3478 1309 3536 Mentelianus,

259 3548 293 3597 ιιι
302 3548 756 3615 putcvulnersripornet,interlectnm.
807 3556 866 3618 quod
875 3570 933 3603 ma.
949 3561 997 3602 ucs
1007 3552 1097 3617 scripti,
1107 3568 1156 3616 pue
1172 3553 1243 3599 mila:
1260 3551 1309 3601 ele·

258 3621 337 3686 quue
347 3622 450 3671 mandit
461 3623 529 3687 Virg.
540 3623 585 3672 lib.
597 3624 630 3673 vi.
641 3625 741 3674 AEneid.
807 3627 913 3692 gentius

291 3695 375 3744 Phrada
386 3711 466 3761 grava
477 3697 549 3760 Troia
563 3714 647 3761 semper
656 3701 759 3748 niam
839 3701 882 3750 89.
899 3703 972 3750 Arva
981 3697 1093 3764 gerala]
1112 3698 1159 3745 Pro
1168 3696 1242 3753 bello,
1252 3711 1309 3746 con-

324 3770 418 3826 bbw»
807 3773 933 3839 dnenspro
939 3771 1048 3836 eo,quod
1056 3768 1200 3820 continetur.
1217 3769 1309 3820 Cron-

291 3843 406 3892 Dcrrlcna
426 3846 466 3906 pari
481 3844 576 3894 Paridis
592 3846 687 3893 dirarari
703 3848 758 3904 tola,
808 3862 866 3895 uns.
900 3845 997 3894 Ferebct
1007 3844 1127 3894 meliores.

322 3934 447 3981 maeque
839 3921 880 3969 92.
908 3919 1001 3968 Incerto
1021 3915 1081 3980 ora]
1109 3914 1233 3964 Imitatum
1257 3914 1309 3966 hnc

293 3991 380 4052 Corpus
391 3995 415 4039 ιἰι
427 3993 530 4040 AEocidae
541 4018 639 4029 ——-
807 3991 1043 4050 Quinctilianumlib.
1049 3989 1067 4039 i.
1075 3985 1310 4038 notavitDouzntlu

260 4065 341 4115 Echio
350 4066 437 4116 Noster
447 4067 491 4115 lib.
504 4065 547 4115 xii.
559 4066 720 4132 Metamorph.
800 4066 905 4130 satum
914 4066 1115 4126 eloquemisvimm,
1123 4063 1195 4110 edidit
1203 4062 1309 4125 eliquan-

290 4150 356 4189 -ιι
376 4143 492 4191 caeam
517 4149 654 4190 elementem
675 4140 758 4189 Troico
807 4141 837 4186 do
853 4139 966 4202 orgium,
985 4147 1007 4185 ct
1028 4135 1201 4198 laquiricium
1220 4137 1309 4185 ineerta

315 4212 386 4279 fam
809 4227 861 4260 vocs
871 4212 978 4259 tentavit.

293 4289 393 4352 Capora
410 4288 649 4354 hildemannum
664 4290 760 4337 mma
845 4284 900 4331 10⁴.
920 4282 1062 4330 starum
1073 4281 1134 4329 uobis
1147 4282 1229 4330 diruta
1241 4280 1309 4345 Ilv'a

323 4364 436 4420 initian,
800 4356 878 4422 suia]
905 4355 968 4405 Sic'
961 4371 987 4403 sn
1005 4352 1130 4411 nonnullis,
1148 4354 1254 4420 quidm,
1270 4358 1308 4406 ΑΛ

294 4435 405 4500 cmm
431 4437 522 4502 letifera
554 4437 638 4485 direxit
669 4437 759 4498 spiculo
809 4428 1288 4495 minmlodimarrvaficost
1282 4447 1307 4482 ru

715 4550 717 4554 ,
808 4506 870 4564 aliis,
882 4505 1308 4568 Manmcthccnobisdrmtoi'rcjc

262 4583 361 4633 nauus
370 4585 433 4651 apud
444 4583 595 4649 Eunprdern
807 4583 881 4630 dedu.
898 4579 963 4646 quod
973 4577 1139 4630 etPlauudcs
1132 4588 1307 4646 iuterpretatur

291 4656 412 4722 -lyd
390 4675 461 4709 recca
477 4656 569 4722 Πάριν,
578 4658 607 4715 ὃς
623 4654 703 4708 παῖδα
714 4654 757 4706 Oi·
808 4663 833 4703 et
849 4654 946 4704 fortasse
967 4663 1004 4703 est
1025 4653 1120 4703 rectius.
1145 4663 1201 4706 sunt
1215 4662 1245 4704 et
1265 4653 1308 4716 qui
