3600 5925
572 741 785 810 AMORUM
808 740 899 806 LlB.
925 740 994 805 Ill.
1018 742 1069 805 11.
1273 739 1338 806 483

298 920 397 1018 Ergo
416 901 486 1017 ego
504 918 675 1003 sustinui,
694 917 835 990 foribus
852 926 930 989 tam
948 937 1050 1012 saepe
1068 913 1250 1012 repulsus,

348 1037 557 1133 Ingenuum
574 1034 669 1108 duri
688 1055 827 1132 ponere
844 1055 981 1130 corpus
998 1031 1125 1104 humo.
1266 1039 1270 1052 “
1292 1034 1336 1102 10

299 1151 400 1248 Ergo
413 1176 483 1248 ego
501 1150 627 1224 nescio
645 1149 718 1234 cui,
737 1171 851 1245 quem
868 1158 909 1220 tu
927 1147 1128 1245 complexa
1143 1146 1312 1230 tenebas,

325 1305 330 1312 ·
348 1267 523 1342 Excubui
540 1267 719 1351 clausam,
738 1289 866 1339 servus
883 1273 938 1349 ut,
958 1274 1044 1337 ante
1061 1262 1226 1336 domum.

291 1384 385 1481 <Vidi
403 1408 486 1481 ego,
505 1408 591 1456 cum
609 1382 750 1455 sonibus
766 1382 888 1453 lassus
907 1379 1072 1478 prodiret
1089 1389 1243 1463 amator,

349 1500 558 1575 Invalidum
575 1498 739 1574 reserens
756 1495 1029 1592 emeritumque
1047 1495 1157 1580 latus.

301 1615 384 1691 Hoc
397 1628 523 1691 tamen
537 1628 597 1689 est
607 1615 738 1700 levius,
753 1638 868 1711 quam
881 1613 984 1710 quod
998 1636 1081 1685 sum
1091 1611 1192 1684 visus
1203 1611 1250 1683 ab
1261 1609 1336 1682 illo.
1366 1611 1368 1616 ’

350 1732 510 1807 Eveniat
526 1731 661 1806 uostris
678 1729 848 1803 hostibus
866 1728 928 1801 ille
946 1726 1078 1826 pudor.
1294 1728 1338 1798 l6

302 1848 462 1934 Quando
480 1873 550 1945 ego
568 1853 647 1921 non'
658 1845 757 1919 fixus
773 1845 879 1919 lateri
897 1843 1093 1943 spatiantis
1111 1843 1265 1927 adhaesi,

352 1964 441 2063 lpse
456 1975 543 2038 tuus
561 1975 701 2050 custos,
720 1963 802 2061 ipse
818 1963 885 2049 vir,
904 1963 986 2060 ipse
1003 1960 1152 2035 comes?

304 2080 459 2154 Scilicet
475 2090 514 2154 et
531 2080 669 2179 populo
687 2102 755 2177 per
771 2100 831 2152 me
848 2086 999 2152 cantata
1015 2067 1204 2175 placebas.

353 2196 500 2270 Caussa
514 2195 585 2270 fuit
601 2194 727 2268 multis
744 2207 872 2269 noster
888 2194 1024 2269 amoris
1041 2199 1157 2267 amor.
1291 2195 1341 2262 20

302 2309 442 2411 Turpia
459 2312 549 2409 quid
567 2310 724 2385 reseram
741 2334 845 2385 vanae
864 2310 1060 2384 mendacia
1075 2309 1228 2404 linguae‚

353 2426 404 2501 Et
420 2430 629 2526 perjuratus
646 2427 684 2499 in
702 2450 787 2501 mea
802 2426 940 2500 damna
957 2424 1087 2499 Deos?

303 2541 404 2627 Quid
417 2545 596 2640 juvenum
613 2542 748 2616 tacitos
767 2541 863 2615 inter
880 2541 1049 2616 convivia
1066 2550 1198 2626 nutus;

353 2657 554 2756 Verbaque
571 2658 788 2758 compositis
806 2658 1041 2732 dissimulata
1057 2656 1181 2730 notis?

306 2773 420 2848 Dicta
436 2786 516 2849 erat
528 2781 632 2871 'aegra
648 2774 754 2848 mihi:
784 2796 953 2872 proeceps
964 2795 1169 2870 amensque
1182 2772 1341 2846 cucurri.

355 2889 479 2980 Veni3¹
498 2902 537 2966 et
554 2891 655 2966 rivali
673 2914 747 2965 non
764 2901 960 2987 erataegra
976 2912 1073 2964 meo.
1295 2889 1352 2958 261

307 3005 390 3093 His,
409 3017 448 3080 et
465 3030 550 3104 quae
566 3017 686 3092 taceo,
705 3005 833 3081 duravi
850 3030 953 3104 soepe
970 3005 1144 3080 serendis.

293 3146 299 3182 ε
358 3121 493 3207 Quaere
508 3123 624 3197 alium
638 3147 705 3222 pro
723 3147 796 3210 me,
816 3122 882 3220 qui
900 3134 1015 3220 queat
1030 3123 1104 3195 ista
1119 3121 1208 3219 pati.

306 3236 330 3310 J
332 3262 392 3312 am
410 3237 646 3325 mea‚‹votivb
663 3236 991 3337 puppis-redimita
1006 3239 1157 3323 corona,

358 3352 477 3429 Lenta
492 3364 745 3429 tumescentes
762 3355 924 3452 aequoris
937 3355 1042 3430 audit
1058 3376 1189 3451 aquas.
1298 3356 1346 3425 30

343 3608 380 3656 19.
391 3608 481 3657 Scilicet
491 3619 518 3657 nt
531 3612 614 3673 populo
628 3627 669 3673 per
685 3628 719 3660 m
734 3615 801 3660 cmi·
851 3613 890 3662 hic
906 3612 1039 3662 ululatum
1058 3610 1160 3665 numo.
1177 3607 1261 3657 0⁰d⁶¹²
1278 3604 1347 3654 ΝΜΟ

307 3682 498 3746 calupniatus]
524 3683 637 3733 Canama
650 3701 692 3747 por
705 3694 801 3750 nepot·
851 3687 963 3752 positum,
975 3692 1001 3735 nt
1011 3682 1074 3749 apud
1084 3682 1153 3747 virg.
1164 3680 1235 3730 lib.i.
1245 3679 1304 3728 207.

306 3763 344 3805 cst
354 3755 451 3821 quidem
461 3756 600 3814 tolerarint
615 3757 692 3823 Epist.
710 3757 743 3808 iii.
759 3759 801 3807 29.
885 3760 986 3817 Durate
999 3770 1022 3807 et
1038 3765 1118 3806 wem
1132 3757 1198 3805 raam
1211 3764 1299 3803 mute
1313 3769 1345 3802 ει·

308 3830 356 3879 Per
373 3848 426 3894 qnos
440 3835 548 3881 comitutu
567 3835 671 3881 redirem.
692 3832 735 3881 sad
752 3834 802 3896 jun
917 3836 1007 3882 ciendis
1219 3830 1315 3877 th.

307 3904 451 3970 precedenti
471 3905 572 3954 disticho
590 3905 621 3954 de
642 3904 686 3954 boc
711 3914 803 3969 agerat.
853 3903 1075 3965 vidadQuinuil.
1085 3903 1119 3953 ix.
1130 3905 1155 3953 2.

307 3979 416 4029 Francos.
434 3986 458 4027 et
472 3978 603 4030 Palatinus.
618 3988 720 4034 cantatu,
739 3978 804 4044 quod
885 3981 926 4029 29.
937 3978 990 4028 Jam
1001 3998 1049 4029 meu
1058 3982 1132 4028 uotiua
1146 3979 1228 4041 puppis
1243 3979 1348 4025 redimita

308 4053 384 4119 magis
398 4054 486 4119 placet.
512 4052 551 4101 Sic
570 4051 638 4116 Elcg.
659 4067 712 4117 seq.
732 4068 756 4101 v.
777 4053 803 4101 7.
852 4070 935 4102 corona
945 4052 1010 4102 Leia
1027 4062 1169 4103 temanum
1180 4053 1347 4115 amandis

307 4127 376 4184 dieu,
387 4132 434 4177 suis
444 4129 525 4176 libellis
536 4128 665 4175 insonum.
681 4135 706 4175 et
722 4136 803 4176 notum
852 4128 944 4192 aqna]
967 4127 1080 4177 Solebnnt
1095 4136 1187 4176 veteres
1203 4130 1290 4183 naute,
1306 4125 1347 4174 ubi

308 4210 353 4257 est,
370 4200 452 4267 quenti
472 4201 551 4250 Po'e‘tae
568 4198 657 4248 luciam
673 4208 698 4248 et
712 4200 804 4265 jactent
852 4202 1348 4267 inportnmpcrveneruntmavescoronare.

308 4289 402 4339 operm
412 4291 487 4333 sunm,
498 4273 647 4341 quapucllus
661 4273 804 4324 carminibus
855 4274 922 4339 virg.
933 4273 975 4323 lib.
986 4275 1019 4324 iv.
1030 4275 1128 4324 AEncid.
1139 4276 1197 4323 418.

309 4348 520 4399 celcbmfnciant.
542 4348 631 4398 Eunu.
886 4349 1004 4412 Puppibus
1022 4361 1044 4398 ct
1064 4351 1110 4399 leti
1129 4360 1205 4398 naute
1227 4353 1349 4412 inposuere

341 4423 382 4470 27.
395 4422 446 4480 His,
463 4434 486 4472 et
501 4441 549 4486 qne
565 4432 633 4480 tucca
650 4426 735 4473 duravi
750 4438 803 4485 sepo
916 4440 1016 4473 mom.
1246 4424 1315 4473 (ἷιον.

301 4496 431 4562 jamdiu]
463 4496 516 4552 Pro,
538 4496 657 4547 obdurui:
685 4505 721 4546 est
739 4497 801 4545 enim

342 4575 449 4626 vo1.1.
941 4580 981 4628 st
