3600 5925
410 757 452 816 xii
734 752 769 811 P.
791 751 934 814 OVIDII
955 754 1144 818 NASONIS

488 919 563 992 Qua
576 920 665 999 prosit
677 919 770 997 metas
782 919 894 979 utinam
906 919 988 989 mihi,
1002 920 1098 1000 sitque
1110 920 1250 982 maiorum

526 1014 594 1075 Jam
606 1012 718 1081 modus,
731 1023 860 1075 etsaora
872 1014 969 1074 mitior
981 1015 1024 1075 ira
1036 1015 1156 1077 domus!

411 1225 459 1291 Et
472 1226 506 1291 in
522 1225 648 1303 eodem,
664 1224 771 1310 Epist.
789 1224 833 1289 ix.
850 1247 969 1291 numen
985 1224 1127 1311 Augusti
1145 1238 1250 1314 rogat,
1269 1241 1307 1294 ut
1325 1231 1387 1296 sibi
1405 1231 1452 1318 ig·

409 1338 570 1406 noscatur,
585 1326 765 1412 prasertim
783 1346 856 1391 cum
872 1326 916 1392 de
936 1324 991 1390 illo
1008 1347 1092 1391 novo
1107 1327 1183 1393 Deo
1204 1328 1290 1396 facto
1310 1329 1452 1398 libellmn

409 1429 583 1516 scripserit
629 1426 689 1494 Ait
702 1428 806 1493 enim:

486 1610 534 1670 Τιι
547 1621 624 1672 certe
637 1611 691 1671 scis
703 1610 773 1680 hnc,
786 1611 898 1690 superis
910 1612 1028 1683 adscite,
1041 1611 1189 1693 ridesque,

525 1706 629 1774 Casas,
644 1715 679 1764 ut
690 1715 735 1765 cst
748 1704 837 1765 oculis
850 1706 967 1766 subdita
978 1718 1056 1767 terra
1068 1707 1138 1767 tuis.

487 1798 536 1859 'l'u
545 1808 654 1859 nostras
666 1797 749 1857 audis
761 1798 839 1858 inter
851 1819 981 1860 convexa
993 1798 1104 1859 locatus

524 1891 625 1951 Sidera
638 1890 761 1951 sollicito
773 1911 844 1969 quas
857 1891 957 1951 damus
970 1911 1019 1951 ore
1032 1911 1139 1970 preces.

485 1985 660 2046 Pervenicnt
672 1984 743 2043 illuc
755 1995 786 2043 et
799 1983 926 2043 carmina
938 1984 1057 2043 forsitan
1070 1983 1121 2043 illa

524 2081 599 2153 Quae
611 2080 648 2139 de
661 2090 692 2139 te
704 2079 805 2158 scripsi
817 2078 915 2139 coelite
931 2079 1007 2139 facta
1019 2100 1100 2139 noro.

484 2174 621 2254 Auguror
633 2175 678 2234 his
690 2173 782 2253 igitur
795 2173 871 2234 flecti
883 2183 936 2234 tua
948 2174 1084 2233 numina:
1105 2193 1159 2234 nec
1171 2185 1207 2234 tn

525 2268 673 2329 Immerito
684 2287 788 2328 nomen
800 2267 872 2327 mite
885 2269 1012 2348 parentis
1024 2267 1121 2328 habes.

453 2449 589 2535 Scripsit
599 2460 674 2512 ante
688 2444 835 2512 exsilium
848 2445 1031 2512 Heroidum
1044 2444 1210 2532 Epistolas
1224 2445 1392 2531 plurimas3
1407 2448 1450 2514 dc

410 2551 585 2617 Amoribus
605 2549 649 2614 ad
668 2549 840 2613 Corinnam
857 2546 958 2613 libros
979 2571 1009 2612 v.
1030 2569 1112 2632 quos
1132 2559 1247 2633 postea
1267 2547 1450 2635 diligentius

408 2653 589 2738 recognitos
602 2651 637 2715 in
649 2660 715 2715 tres
729 2649 866 2734 redegit,
880 2648 971 2734 qnod
985 2650 1030 2714 sic
1044 2649 1114 2734 ipse
1128 2649 1162 2713 in
1176 2650 1196 2715 i.
1213 2652 1405 2717 eorundem:

485 2855 547 2929 Qui
558 2853 643 2914 modo
655 2853 780 2914 Nasonis
793 2854 939 2914 sumamus
951 2852 1080 2933 quinque
1093 2853 1195 2925 hoelli,

525 2948 598 3011 Tres
610 2970 725 3010 summ:
746 2949 800 3009 hoc
811 2946 856 3008 illi
868 2946 998 3028 praetulit
1010 2958 1109 3010 auctu
1122 2969 1203 3029 opus.

408 3164 464 3230 De
483 3161 565 3227 Arte
580 3160 720 3227 Amandi
735 3158 835 3225 libros
855 3170 940 3239 tres3
964 3160 1006 3225 de
1021 3160 1181 3226 Remedio
1199 3158 1330 3225 Amoris
1350 3158 1449 3227 libros

408 3267 494 3343 duo;
516 3264 831 3330 Transmutationum
846 3260 946 3327 libros
961 3264 1162 3347 quindecim:
1185 3284 1279 3348 quos,
1294 3263 1371 3348 quia
1384 3285 1448 3328 non

409 3367 644 3442 emendaverat,
656 3374 724 3429 tum
742 3365 853 3442 iratus,
868 3374 905 3427 ut
919 3365 989 3449 ipse
1004 3364 1059 3442 ait,
1075 3365 1181 3429 studio
1192 3364 1448 3449 carminibusque

409 3469 485 3545 suis,
505 3489 579 3533 cum
599 3466 721 3531 Tomos
742 3464 952 3550 relegaretur,
974 3488 1032 3531 sua
1052 3488 1149 3531 manu
1170 3467 1354 3546 combussit,
1376 3488 1449 3532 cum

408 3569 477 3635 aliis
502 3567 694 3653 quibusdam
718 3564 891 3652 placituris.
948 3566 1015 3632 Sed
1040 3568 1115 3652 quia
1143 3568 1297 3653 exscripti
1321 3568 1448 3633 fuerant

409 3684 482 3737 ante
508 3669 651 3756 plurimis
678 3665 844 3752 exemplis,
869 3667 998 3732 omnino
1022 3667 1144 3733 aboleri
1168 3690 1233 3734 non
1261 3679 1446 3754 potuemnt.

409 3773 506 3838 Unde
521 3773 577 3849 sic,
592 3772 626 3834 in
639 3768 739 3834 Trisc
756 3769 799 3832 iii.
817 3766 912 3853 Eleg.
929 3767 999 3831 xiv:

488 4024 564 4084 Sunt
576 4042 689 4103 quoque
701 4030 820 4080 mutata
831 4030 877 4080 ter
889 4021 1016 4099 quinque
1028 4020 1174 4082 volumius
1186 4023 1292 4093 forma,

526 4118 660 4177 Carmina
672 4116 708 4176 de
722 4115 828 4175 domini
840 4115 943 4176 funere
955 4126 1037 4196 rapta
1049 4117 1104 4175 sui,

487 4211 565 4271 Illud
578 4232 649 4290 opus
661 4212 767 4291 potuit,
780 4212 804 4271 si
818 4231 874 4271 non
887 4211 968 4291 prius
981 4212 1043 4289 ipse
1055 4210 1202 4289 perissem,

525 4305 640 4364 certius
653 4326 670 4364 a
682 4325 794 4365 summa
806 4326 910 4366 nomen
922 4306 1027 4365 habere
1040 4325 1136 4364 mann.

487 4398 577 4458 Nunc
589 4398 775 4459 incorrectum
786 4400 885 4480 populi
896 4399 1030 4480 pervenit
1042 4400 1073 4459 in
1085 4419 1144 4470 ora,

525 4492 562 4551 ln
575 4491 673 4572 populi
685 4493 840 4572 quidquam
852 4495 878 4554 si
888 4507 988 4556 tamen
1000 4516 1048 4557 ore
1060 4515 1157 4557 meum
1169 4505 1222 4555 est.
