3600 5925
808 730 925 792 VITA.

421 895 490 956 Non
503 914 571 974 eger
582 894 632 955 hic
643 912 771 975 pomum,
784 914 842 954 uon
855 895 954 957 dulces
966 895 1070 958 educet
1082 917 1168 959 uros:

459 990 529 1050 Non
541 990 641 1050 solices
652 989 726 1070 ripis,
738 990 837 1050 roboro
849 1001 948 1051 monte
960 990 1063 1052 ruent·

420 1083 506 1144 Neve
518 1085 627 1144 fretum
639 1083 738 1143 leudes
751 1094 828 1142 terro
840 1084 941 1162 mugio,
954 1105 1065 1163 [equora
1077 1104 1189 1165 semper

460 1177 623 1238 Ventorum
635 1178 714 1237 mbie
726 1176 832 1237 sobicus
844 1178 912 1237 orbo
924 1188 1048 1237 tument.

422 1271 602 1352 Quocunque
612 1272 760 1351 adspicias,
773 1272 866 1352 compi
879 1271 988 1332 cultore
1001 1283 1132 1332 carentes

461 1365 619 1445 Vastaque,
631 1387 695 1445 quoe
708 1385 791 1425 nemo
804 1363 940 1434 vindicet,
953 1385 1021 1425 orro
1029 1365 1136 1443 jacent.

422 1460 525 1519 Hostis
537 1459 619 1519 adest
631 1460 733 1519 dextro
746 1458 873 1537 leveque
886 1480 904 1517 e
916 1468 998 1537 purte
1011 1458 1166 1528 timendus,

460 1553 624 1632 Viciuoque
636 1563 717 1612 metu
728 1562 819 1612 terret
832 1561 988 1630 utrumque
1000 1551 1087 1611 intus

423 1645 526 1707 Altero
540 1645 1098 1724 Bistonisspusestsensurasogittas3

462 1740 566 1800 Altero
580 1739 739 1799 Sarmatico
751 1737 862 1817 spiculo
873 1738 961 1797 misso
973 1758 1070 1797 monn.

348 1907 406 1972 Sui
420 1918 527 1971 eutem
541 1905 644 1971 exsilii
657 1906 739 1971 duas
758 1903 857 1970 fuisse
878 1904 924 1969 ait
945 1926 1077 1969 causus:
1100 1926 1235 1988 quorum
1256 1905 1388 1974 alteram

346 2008 467 2093 ubique
486 2008 617 2086 fatemur,
638 2006 771 2073 alteram
797 2027 925 2092 semper
950 2006 1130 2092 supprimit.
1174 2005 1234 2072 Ait
1253 2010 1338 2076 euim
1354 2012 1387 2077 ii.

350 2110 450 2176 Trist.

427 2311 610 2373 Perdiderint
622 2332 689 2371 cum
701 2330 748 2371 ms
761 2310 819 2370 duo
831 2308 961 2379 crimino,
975 2329 1100 2379 csrmen,
1113 2320 1144 2370 et
1157 2329 1235 2372 error
1242 2333 1253 2383 3

465 2404 599 2466 Alterius
611 2405 682 2465 iacti
694 2403 779 2484 culpo
791 2402 903 2463 silendo
914 2402 986 2462 mihi
999 2413 1053 2463 est.

393 2616 545 2702 Persaepe
567 2617 665 2703 igitur
683 2627 717 2679 et
734 2613 833 2680 libros
853 2613 895 2679 de
910 2611 993 2679 Arte
1012 2612 1155 2680 Amondi
1174 2620 1391 2703 composuisse

350 2717 450 2796 dolet,
464 2719 553 2803 quod
572 2728 746 2804 propterea
763 2716 917 2803 Augusto
933 2718 1009 2783 odio
1029 2740 1100 2784 esse
1120 2722 1267 2806 coeperit,
1284 2733 1318 2788 et
1336 2723 1393 2790 nli·

350 2821 429 2905 quid
444 2821 559 2886 vidisse
576 2844 636 2907 per
655 2841 807 2898 errorem,
822 2830 860 2884 ut
879 2820 922 2885 ob
940 2820 976 2884 id
994 2820 1027 2884 in
1047 2820 1212 2905 Scythiam
1230 2823 1393 2911 relegatus

215 2953 223 2965 ·
351 2923 459 3003 fuerit,
474 2922 598 2989 offenso
612 2923 761 2989 Cessare:
784 2923 829 2988 sit
843 2923 927 2988 enim
940 2922 1020 2989 inii.
1036 2922 1079 2989 de
1094 2923 1212 3003 Ponto,
1228 2924 1323 3014 Eleg.
1339 2929 1391 2995 ix=

428 3142 512 3203 Neve
524 3161 682 3221 rogesque
694 3141 751 3201 sit:
771 3141 894 3201 stnlmm
904 3162 992 3222 quarn
1005 3144 1170 3223 scripsimus
1182 3157 1284 3217 ortem,

468 3235 609 3295 Innocuos
621 3235 703 3295 nobis
715 3235 777 3295 hec
789 3245 870 3295 vetet
882 3256 945 3295 esse
958 3256 1069 3297 monus.

431 3329 547 3409 Ecquid
559 3339 698 3409 proteres
710 3329 862 3409 ρεοωῐὶω,
874 3350 1002 3409 querere
1014 3332 1090 3392 noli:

471 3422 514 3483 Ut
527 3432 625 3504 potent
638 3423 698 3484 solu
710 3423 798 3503 mlpn
807 3425 863 3484 sub
875 3436 937 3485 arte
950 3445 1023 3486 men

355 3634 402 3701 Et
415 3636 448 3701 in
463 3637 558 3701 tertio
572 3637 615 3701 nd
628 3633 793 3716 Amorem,
809 3637 905 3724 Eleg.
921 3639 972 3703 iii:

430 3855 496 3917 Nec
508 3857 578 3917 setin
590 3857 644 3918 hoc
656 3858 762 3928 fusrst,
775 3858 884 3919 stultus
896 3878 1010 3938 qnoque
1024 3859 1151 3919 carmina
1162 3859 1227 3920 feci.

471 3949 595 4011 Artibus
606 3960 641 4012 ut
653 3971 750 4031 posses
761 3971 819 4011 non
832 3950 912 4012 rudis
925 3971 987 4012 esse
999 3953 1079 4012 meis.

432 4042 490 4103 Pro
501 4045 607 4122 quibus
619 4044 752 4105 exsilium
764 4045 868 4104 misero
880 4045 952 4104 mihi
965 4045 1079 4106 reddito
1091 4065 1210 4116 meroes,

472 4136 510 4196 Id
522 4158 634 4218 quoque
646 4139 678 4198 in
691 4136 829 4199 extremis
842 4147 873 4197 et
885 4138 948 4198 sine
960 4158 1031 4217 poce
1043 4139 1121 4199 locis.

356 4345 394 4410 In
414 4347 530 4413 eodem
546 4349 591 4414 sic
612 4346 768 4415 Amorem
783 4348 845 4416 sibi
858 4349 1107 4436 respondentem
1121 4352 1245 4420 inducit
1263 4354 1296 4419 iu
1316 4377 1399 4422 som·

358 4470 422 4513 urs:
