3600 5925
573 787 796 854 AMORUM.
828 784 920 854 Lus
943 787 993 854 ΙΙ.
1015 792 1047 853 4.
1266 788 1331 854 353
1441 858 1444 863 ,

289 963 432 1039 Fallere
449 974 489 1037 te
505 961 640 1061 potuit,
659 961 829 1058 quemvis
846 961 1009 1036 habeare
1025 962 1225 1037 molestus:

337 1079 373 1153 N
376 1104 425 1155 on
442 1088 547 1155 caret
563 1078 712 1164 effectu,
731 1078 834 1175 quod
850 1078 999 1152 voluere
1016 1079 1104 1152 duo.

287 1194 424 1295 Aptius
440 1206 483 1269 ut
498 1193 609 1269 suerit
623 1188 799 1293 precibus
815 1203 996 1280 tentasse,
1015 1217 1209 1292 rogamus:

291 1300 294 1311 ’
338 1312 439 1387 Dum
455 1314 553 1389 bene
569 1310 731 1412 ponendi
749 1334 906 1385 munera
921 1322 1071 1409 tempus
1087 1310 1217 1385 habes.

644 1775 871 1853 ELEGIA
903 1777 971 1855 IV.
1054 1844 1059 1855 ,

288 1940 376 2016 Non
394 1966 465 2040 ego
482 1944 681 2019 mendosos
699 1944 819 2020 ausim
836 1942 1037 2020 defendere
1053 1963 1197 2028 mores;

340 2056 525 2157 Falsaque
543 2083 611 2158 pro
627 2060 726 2134 vitiis
743 2083 847 2136 arma
862 2083 1011 2135 movere
1025 2058 1131 2132 meis.

289 2171 501 2262 Confite0r;
530 2175 561 2248 si
580 2175 672 2273 quid
689 2177 843 2275 prodest
859 2176 998 2253 delicta
1013 2174 1141 2250 fateri:

340 2286 390 2373 In
402 2313 488 2366 mea
496 2314 604 2364 nunc
620 2291 776 2366 demens
793 2292 961 2379 erimina,
979 2290 1115 2377 fassus,
1133 2313 1191 2364 eo.

290 2402 386 2479 Odi:
414 2429 484 2480 nec
502 2429 657 2504 possum
673 2405 830 2506 cupiens
847 2431 923 2481 non
939 2429 1036 2493 esse,
1055 2404 1159 2504 quod
1175 2403 1249 2479 odi.
1305 2408 1330 2477 5

339 2518 425 2593 Heu
438 2544 566 2619 quam,
580 2545 666 2620 quae
684 2523 837 2597 studeas
854 2545 1004 2621 ponere,
1019 2520 1114 2596 ferre
1131 2543 1243 2618 grave
1255 2518 1330 2594 est!

290 2633 327 2707 N
329 2658 390 2708 am
407 2635 545 2711 desunt
559 2635 657 2710 vires
676 2637 724 2711 ed
741 2660 802 2712 me
819 2636 910 2711 mihi
922 2639 1063 2735 jusque
1080 2636 1296 2734 regendum.

340 2749 510 2839 Auferor,
529 2762 572 2825 ut
587 2752 719 2852 repidd
736 2752 885 2827 concite
900 2754 1040 2852 puppis
1057 2753 1172 2852 aqud.

290 2863 327 2937 N
330 2888 380 2938 on
397 2876 457 2939 est
472 2875 577 2941 certa
593 2890 699 2941 meos
716 2890 801 2966 quoe
819 2866 939 2941 forma
954 2868 1073 2943 irritet
1089 2892 1246 2944 amores.

260 2999 277 3022 ¹
341 2980 506 3057 Centum
522 2993 611 3057 sunt
627 3006 783 3069 caussae,
802 3007 869 3057 cur
886 3008 957 3081 ego
974 3008 1123 3083 semper
1140 3009 1274 3059 amem.
1288 2990 1332 3058 10

291 3096 380 3174 Sive
398 3097 525 3194 aliqua
541 3108 600 3172 est
616 3100 746 3200 oeulos
764 3098 802 3172 in
819 3123 861 3173 se
878 3101 1028 3199 dejecte
1044 3101 1251 3189 modestns;

342 3211 460 3288 Uror:
488 3225 527 3290 et
544 3215 689 3289 insidiae
707 3226 795 3290 sunt
812 3217 932 3315 pudor
949 3216 1012 3292 ille
1028 3240 1135 3291 meae.

324 3515 365 3563 ln.
383 3513 445 3562 Bono
453 3514 574 3579 penendi]
594 3513 789 3579 Brmpraertundi
839 3515 909 3565 terito
919 3515 1000 3565 fellere
1012 3522 1036 3565 te
1053 3514 1162 3564 institunt
1173 3514 1269 3565 domine
1284 3525 1336 3574 tur.

290 3586 460 3645 astruimur,
489 3588 553 3653 qued
577 3588 712 3655 gimtnris
737 3598 787 3638 ert:
839 3588 1335 3655 quotacto,neegrrtirm,ueepecuuirm

290 3658 379 3710 incutio
390 3659 453 3710 euim
463 3661 790 3723 nfoemmribnrderumtr,
840 3664 939 3714 auteres.
972 3663 1077 3712 Pretium
1087 3678 1142 3711 rem
1149 3662 1175 3711 in
1183 3680 1259 3726 pm
1268 3672 1334 3713 trun·

290 3734 333 3799 qui
338 3744 429 3797 porrum
437 3738 576 3798 pressim
586 3736 705 3785 utHnrrt.
713 3735 790 3802 Epod·
839 3736 879 3786 riit
889 3754 919 3788 ex
930 3747 1044 3787 consuete
1052 3736 1096 3786 illu
1108 3736 1217 3795 formula,
1226 3739 1337 3798 κίρκοι

292 3805 319 3856 ii.
331 3823 392 3857 reru.
405 3806 451 3857 ult.
461 3816 486 3858 et
501 3808 600 3859 Terent.
611 3808 716 3876 Adelph.
725 3809 753 3858 ii.
764 3810 790 3857 2.
840 3813 876 3860 vet
894 3814 977 3874 pretio.
994 3810 1045 3861 vid.
1067 3810 1153 3859 Horat.
1170 3809 1197 3860 ii.
1214 3810 1290 3877 Epist.
1307 3810 1335 3860 ii.

291 3881 491 3932 fawedixit.
507 3890 632 3932 utentem
648 3882 729 3931 omnir
745 3882 789 3931 hu·
843 3886 897 3934 17³.
917 3892 943 3935 et
963 3886 1075 3935 Nostrum
1092 3881 1136 3933 lib.
1154 3884 1180 3934 ii.
1196 3885 1260 3936 Fert.
1277 3886 1335 3936 806.

288 3955 329 4022 jur
346 3955 443 4006 distichi
459 3957 567 4007 membru
586 3956 648 4006 inter
667 3971 693 4005 re
712 3955 789 4005 cohu-
840 3958 929 4007 Burri.

291 4039 367 4088 rerut,
382 4038 407 4079 et
422 4046 505 4080 rentur
523 4028 668 4086 commodus,
679 4044 751 4094 quem
765 4029 791 4078 iu
1041 4057 1138 4071 --

291 4104 389 4171 vulget·
412 4103 515 4154 lectione
535 4102 576 4153 rix
597 4101 675 4160 rideo.
695 4102 790 4160 orietur,
876 4104 898 4151 l
916 4103 1017 4169 Ararim]
1035 4105 1082 4154 Pro
1097 4102 1338 4170 auderentntiquum

292 4179 406 4229 mullem'
399 4195 424 4229 m
432 4178 504 4246 priori
515 4193 585 4228 remu
596 4177 690 4243 legerer
840 4184 885 4232 ert.
894 4175 937 4226 sed
947 4192 995 4242 quo
1005 4175 1337 4242 umenelegrntinimeuuuc

325 4254 407 4316 Aptius
416 4251 715 4319 utsueritprrtr'oterterr,
724 4267 791 4317 τομ-
840 4249 938 4300 utimur.
970 4250 1085 4301 Murus.

873 4325 899 4373 θ.
918 4323 1038 4390 Auserem]
1052 4324 1338 4377 Scilicetrmrlrurente.

294 4397 432 4448 Hostium
446 4398 590 4454 breviorvir
605 4406 630 4449 et
645 4397 792 4464 sptioresset
841 4397 904 4447 rior
918 4396 982 4447 its
1016 4396 1047 4446 In
1056 4401 1169 4450 diver-m
1184 4401 1337 4452 statuerunt.

294 4480 320 4522 te
332 4479 423 4522 tentare
432 4473 542 4541 pecunie,
549 4472 668 4523 malumus
677 4480 791 4522 tumente
841 4470 891 4521 rid.
903 4471 934 4521 nd
945 4471 1053 4539 Epist
1030 4488 1063 4522 rr.
1076 4474 1130 4523 1³1.

294 4543 792 4611 rugrre‚durutempnrhubesbeneficium
877 4547 917 4596 12.
945 4541 1037 4595 insidia
1057 4557 1131 4597 runt..
1134 4546 1217 4613 Μ]
1245 4547 1338 4609 Quibus

296 4616 536 4682 noemmin,
554 4626 682 4684 antequem
698 4628 792 4684 teprn·
841 4620 929 4686 cupiet.
961 4619 1051 4670 Arrun.

331 4696 409 4746 VOL.
420 4696 443 4747 1.
987 4699 1036 4752 Aa
