3600 5925
441 741 508 808 246
736 741 776 805 P.
800 737 964 806 OVIDII
987 736 1199 804 NASONIS

445 914 560 988 Unda
577 936 807 1012 repercussae
827 913 998 986 radiabat
1016 912 1178 1007 imagine
1196 910 1326 1001 Lunae,

496 1029 546 1103 Et
563 1030 662 1103 nitor
678 1029 717 1101 in
734 1029 850 1102 tacitd
869 1038 980 1101 nocte
997 1026 1152 1099 diurnus
1169 1039 1272 1102 erat:

446 1144 637 1243 Nullaque
654 1169 728 1219 vox
752 1155 911 1231 nostras,
931 1143 1077 1216 nullum
1094 1144 1281 1231 veniebat,
1300 1144 1348 1217 ad
1365 1169 1490 1231 aures,

493 1260 636 1335 Praeter
653 1262 804 1334 dimotae
823 1283 992 1358 corpore,
1012 1282 1191 1344 murmur,
1210 1283 1332 1356 aquae.
1440 1266 1490 1334 80

443 1375 634 1474 Alcyones
652 1378 754 1464 solae,
773 1398 959 1450 memores
979 1374 1119 1473 C'cycis
1139 1375 1267 1461 amati,

494 1491 634 1566 Nescio
650 1492 742 1589 quid
759 1493 849 1565 visae
867 1502 956 1564 sunt
973 1491 1067 1564 milri
1084 1491 1195 1565 dulce
1213 1492 1332 1587 queri.

442 1605 606 1704 Jamque
624 1607 788 1704 fatigatis
806 1608 962 1681 humero
981 1608 1053 1681 sub
1072 1618 1233 1704 utroque
1249 1607 1413 1694 lacertis,

495 1722 655 1796 Fortiter
671 1724 710 1795 in
728 1747 896 1797 summas
916 1725 1038 1821 erigor
1055 1725 1154 1797 altus
1172 1748 1303 1822 aquas.

444 1835 499 1909 Ut
515 1838 647 1936 procul
664 1839 822 1936 adspexi
840 1841 981 1928 lumen,
1000 1840 1114 1914 Meus
1134 1841 1232 1937 ignis
1250 1841 1370 1914 in·illo
1389 1851 1468 1928 est3

493 1951 565 2025 llla
581 1977 720 2039 meum,
739 1953 832 2041 dixi,
850 1956 961 2029 litora
977 1980 1117 2030 numen
1134 1957 1286 2030 habent.
1441 1960 1491 2030 86

443 2063 495 2139 Et
512 2068 636 2141 subito
654 2069 763 2142 la'ssis
780 2069 877 2143 sires
896 2071 1040 2144 rediere
1057 2071 1230 2145 lacertis:

492 2181 672 2280 Visaque,
691 2207 806 2281 quam
822 2183 956 2270 fuerat,
976 2185 1122 2259 mollior
1139 2185 1241 2258 unda
1257 2184 1361 2257 mihi.

443 2295 597 2393 Frigora
613 2322 660 2371 ne
678 2300 819 2396 possim
837 2301 952 2395 gelidi
969 2301 1107 2375 sentire
1125 2300 1312 2399 profundi,

494 2411 568 2495 Qui
586 2412 684 2485 calet
701 2413 739 2485 in
757 2414 894 2511 cupido
913 2426 1079 2513 pectore,
1098 2426 1253 2513 praestat
1270 2438 1386 2488 amor.
1439 2418 1491 2487 90

443 2524 528 2608 Quo
546 2527 665 2623 magis
685 2529 837 2614 accedo,
857 2530 1107 2627 propioraque
1125 2530 1235 2604 litora
1250 2529 1358 2616 fiunt,

494 2641 655 2740 Quoque
674 2645 797 2717 minus
816 2655 935 2719 restat
945 2673 954 2734 ;
984 2646 1069 2743 plus
1087 2645 1181 2719 libet
1198 2646 1251 2718 ire
1269 2644 1375 2716 mihi.

444 2757 543 2830 Cum
560 2783 648 2833 vero
666 2785 821 2857 possum
840 2762 943 2835 cerni
962 2784 1140 2858 quoque3
1169 2761 1339 2859 protinus
1356 2758 1468 2832 addis

430 2891 444 2920 ⁴
496 2874 712 2972 Spectatrix
730 2877 889 2966 animos,
909 2890 952 2951 ut
968 2878 1189 2975 valeamque
1207 2875 1312 2949 sacia.

444 2989 480 3063 N
483 3016 556 3066 unc
574 2992 688 3065 etiam
706 2995 831 3067 nando
849 2995 1011 3069 dominae
1030 2993 1219 3092 placuisse
1236 2993 1380 3077 laboro,
1396 3026 1403 3043 ι
1442 2993 1492 3063 95

492 3106 620 3204 Atque
639 3109 757 3181 oculis
771 3111 877 3206 jacto
895 3110 1050 3183 brachia
1067 3118 1198 3182 nostra
1214 3106 1302 3180 tuis.

474 3289 515 3336 82.
526 3288 602 3337 Dulce
611 3291 697 3353 queri]
710 3290 939 3356 ConjiciebatFran·
1021 3292 1061 3340 95.
1080 3290 1144 3339 Tunc
1162 3289 1251 3353 etiam-J
1271 3288 1343 3337 Nunc
1359 3291 1430 3336 sdan
1443 3286 1495 3334 Pu-

442 3360 502 3416 cius,
515 3363 663 3425 tristeque-i:
680 3364 714 3412 nil
724 3372 793 3429 opus.
804 3363 854 3412 vid.
864 3364 940 3429 Epist.
990 3373 1096 3413 maneus.
1120 3364 1252 3412 Ηιικειυι.
1285 3362 1324 3411 Ita
1342 3369 1367 3411 ct
1385 3360 1433 3410 duo
1450 3361 1495 3410 alii

442 3450 482 3482 xv.
495 3436 548 3484 152.
567 3436 643 3484 Dulce
653 3438 714 3499 loqui
721 3436 829 3485 nonnulli
839 3436 941 3487 codices.
990 3435 1092 3484 codices.
1102 3435 1151 3483 vid.
1162 3435 1241 3501 Epist.
1250 3434 1292 3486 xii.
1299 3436 1341 3484 53.
1350 3443 1376 3483 et
1384 3436 1419 3484 ite
1427 3450 1493 3501 saepe

475 3508 515 3556 84.
542 3508 665 3573 Fortium]
694 3510 750 3558 Duo
771 3509 825 3557 libri
843 3510 941 3575 fortior.
989 3509 1191 3575 peccutum,quia
1207 3509 1307 3566 librarii,
1318 3525 1366 3558 non
1382 3524 1453 3574 eque
1465 3518 1495 3558 ut

442 3581 492 3630 vid.
510 3581 585 3648 Epist
605 3583 654 3630 xvi.
673 3584 730 3632 267.
746 3583 789 3631 sed
806 3582 863 3648 quin
879 3585 942 3632 altus
991 3580 1079 3637 Polite,
1091 3582 1350 3647 tempuspmteritum,
1366 3581 1413 3631 sibi
1428 3598 1493 3648 pm·

442 3656 557 3722 seqnitur,
567 3657 626 3705 nihil
637 3657 777 3706 mutandum
786 3666 830 3706 est.
990 3670 1045 3704 aens
1061 3655 1149 3719 fingere
1169 3664 1306 3721 potnerunt.
1331 3655 1366 3705 sic
1388 3655 1494 3706 Remcd.

475 3730 515 3778 86.
540 3730 628 3779 Lumen
649 3730 753 3794 habena]
782 3730 896 3779 Meliora
916 3740 942 3780 et
990 3729 1139 3779 Amor.605.

442 3803 546 3868 plurimi,
563 3822 661 3863 aarum
678 3821 708 3853 ne
725 3804 763 3854 bis
779 3803 843 3852 idem
860 3803 939 3853 dicat:
1023 3802 1122 3859 Saloni,
1133 3820 1196 3851 nanc
1212 3814 1273 3852 certe
1290 3805 1369 3853 ultan
1382 3820 1429 3851 non
1444 3805 1495 3853 mle

441 3877 940 3944 igneenimpracesir.etanumineroe-
1047 3876 1142 3941 filssm·
1368 3877 1459 3925 Bostar.

442 3950 490 3999 tius
499 3950 560 3999 vires
570 3950 667 4000 rediisse
678 3950 796 3999 dicuutur.
807 3951 875 3999 etita
885 3950 940 4000 due
1024 3947 1109 3997 Nande
1133 3952 1227 3998 donum
1250 3950 1365 4012 plancius
1391 3950 1492 4014 tam]

442 4024 557 4074 editiones
567 4042 661 4091 quoque
671 4027 781 4074 Veneta.
815 4026 904 4074 Bunu.
991 4023 1045 4081 Quo
1055 4023 1148 4086 longius
1162 4023 1186 4071 in
1198 4022 1341 4073 recensenda
1358 4022 1404 4071 hac
1418 4022 1492 4088 Epis-

475 4099 515 4147 ⁰9.
532 4099 631 4164 Frigora
640 4116 668 4147 ao
682 4101 761 4160 poesim
775 4099 847 4163 gelidi
857 4102 941 4147 mutire
989 4097 1039 4145 tola
1048 4097 1158 4161 procedo,
1167 4113 1197 4147 eo
1207 4097 1282 4162 magis
1294 4095 1396 4145 Barthio
1405 4095 1494 4145 adsen-

439 4172 560 4237 profnndi,
576 4172 634 4235 dcc]
653 4171 692 4220 Sic
709 4187 804 4236 quoque
821 4171 938 4229 leander,
991 4170 1043 4226 tior,
1054 4171 1095 4235 qui
1105 4171 1171 4219 illem
1182 4171 1223 4219 vix
1230 4170 1292 4219 ausit
1302 4169 1392 4219 Ouidio
1401 4168 1494 4219 adseri·

442 4243 506 4307 apud
517 4246 644 4301 Moenum,
655 4247 717 4294 245:
989 4244 1056 4292 bere.
1089 4244 1205 4302 Quamvis
1216 4243 1280 4293 enim
1290 4260 1343 4293 raro
1354 4243 1442 4293 Noster
1457 4243 1495 4291 vi·

475 4316 649 4381 ΔεινὸςἝρως,
657 4320 697 4366 καὶ
708 4318 801 4377 πόντος
807 4317 940 4383 ἀμειλιχοφ
989 4316 1047 4365 tium
1058 4316 1157 4383 effugiat
1163 4316 1305 4368 {munientis
1315 4332 1385 4383 supra
1392 4314 1496 4365 modum

506 4388 574 4437 ἀλλὰ
582 4389 709 4450 θαλάσσης
988 4389 1086 4455 ingenii,
1097 4406 1226 4456 numquam
1237 4399 1318 4439 tamen
1334 4406 1364 4438 eo
1378 4388 1447 4438 venit
1463 4389 1496 4437 li-

474 4458 559 4509 ’Βστὶν
569 4460 640 4526 ὕδωρ,
651 4466 680 4512 τὸ
691 4463 710 4512 δ’
716 4462 825 4529 Ἔρωτος
834 4464 873 4528 ἐμὲ
883 4462 939 4529 φλέ-
988 4462 1082 4521 centin,
1099 4472 1127 4512 ut
1144 4463 1245 4512 totidem
1266 4461 1365 4513 faenum
1380 4471 1406 4511 et
1422 4460 1499 4512 istim

506 4549 543 4597 γει
553 4532 689 4599 ἐνδόμυχον
698 4540 758 4601 πῦρ.
817 4537 907 4586 Auen.
988 4537 1052 4587 modi
1072 4537 1236 4587 cavillationes
1257 4536 1283 4586 iu
1303 4552 1329 4586 re
1347 4535 1453 4587 solemni
1472 4546 1501 4588 nt
