3600 5925
439 745 503 809 196
730 741 769 808 Ρ.
794 743 955 809 OVIDII
980 741 1191 809 NASONIS

441 917 498 990 Tu
512 939 676 1015 quoque,
689 918 811 990 mollis
823 918 951 1004 Amor,
963 941 1107 1015 pennas
1124 939 1297 1017 suppone
1309 921 1478 998 cadenti:

491 1032 551 1106 Ne
569 1034 640 1104 sim
660 1031 856 1106 Leucadiae
874 1043 1021 1106 mortua
1038 1033 1178 1105 crimen
1198 1057 1318 1130 aquae.
1409 1040 1480 1110 180

441 1147 535 1222 Inde
553 1149 689 1246 chelyn
709 1148 867 1235 Phoeho,
886 1149 1101 1222 eommunia
1117 1173 1284 1236 munera,
1304 1174 1462 1248 ponam:

491 1262 541 1336 Et
559 1265 629 1336 sub
647 1288 693 1338 ea
708 1287 838 1337 versus
856 1289 952 1338 unus
971 1275 1010 1338 et
1027 1265 1121 1338 alter
1138 1275 1258 1338 erunt.
1449 1339 1451 1344 a

441 1378 559 1451 Grata
577 1380 696 1477 lyram
714 1380 823 1477 posui
841 1380 922 1466 tibi,
943 1379 1100 1464 Phoehe,
1120 1380 1265 1476 poetria
1281 1380 1456 1479 Sappho:

490 1493 677 1568 Convenit
695 1495 758 1567 illa
776 1494 880 1581 mihi,
899 1495 1074 1568 convenit
1090 1495 1155 1568 illa
1170 1495 1251 1569 tibi.

440 1606 520 1679 Cur
536 1620 663 1682 tamen
680 1609 856 1682 Actiacas
874 1610 1049 1683 miseram
1067 1633 1128 1682 me
1146 1610 1262 1682 mittis
1280 1611 1328 1684 ad
1346 1634 1442 1698 orae,

490 1723 588 1796 Cum
607 1724 805 1822 profugum
820 1726 944 1824 possis
962 1727 1044 1823 ipse
1061 1725 1197 1798 referre
1214 1725 1376 1822 pedem?
1411 1731 1480 1800 186

439 1844 496 1917 Tu
514 1844 605 1916 mihi
626 1843 815 1918 Leucadia
832 1856 941 1942 potes
958 1867 1044 1916 esse
1062 1842 1243 1917 salubrior
1260 1843 1382 1916 unda:

489 1958 539 2033 Et
556 1958 673 2033 forma
693 1971 732 2035 et
748 1960 891 2034 meritis
909 1971 950 2033 tn
968 1958 1059 2032 mihi
1077 1958 1246 2031 Phoebus
1264 1958 1350 2032 eris.

437 2074 497 2148 An
517 2084 637 2172 poteS‚
656 2075 680 2147 ὀ
696 2075 874 2174 εεοριιίἰε,
893 2074 1072 2171 undaque
1089 2072 1246 2146 ferocior
1262 2072 1337 2159 illa,

490 2190 532 2263 Si
548 2189 695 2276 moriar,
713 2191 864 2263 titulum
881 2189 1012 2262 mortis
1029 2189 1168 2263 habere
1184 2188 1305 2261 meael
1410 2190 1481 2261 190

436 2304 489 2376 At
506 2314 647 2400 quanto
665 2305 799 2379 melius
812 2305 922 2402 jungi
940 2327 1026 2377 mea
1042 2315 1196 2401 pectora
1212 2313 1350 2388 tecum,

487 2419 610 2504 Quam
627 2433 801 2520 poterant
818 2421 920 2495 saxis
937 2419 1209 2519 praecipitanda
1225 2417 1325 2490 dari!

436 2532 530 2608 Haee
549 2546 638 2609 sunt
654 2537 729 2623 illa,
749 2536 894 2622 Phaon,
915 2559 1000 2630 quae
1018 2547 1059 2607 tu
1078 2535 1230 2608 laudare
1249 2532 1419 2618 solebas3

486 2648 653 2749 Visaque
671 2664 759 2726 sunt
776 2653 887 2726 toties
907 2651 1100 2746 ingeniosa
1117 2649 1197 2722 tibi.

470 2939 524 2987 18³.
554 2939 652 3004 Grata]
682 2937 752 2998 Quod
774 2944 815 2986 tuo
838 2939 932 2989 nomine
982 2939 1027 2989 eir.
1054 2944 1079 2986 et
1100 2936 1134 2987 itt
1154 2935 1309 2986 Terentianus
1330 2934 1431 2985 Maurus
1449 2935 1482 2987 de

433 3012 525 3061 defruta
543 3023 579 3063 eat
594 3013 726 3071 incolumis,
737 3022 762 3062 et
778 3027 856 3061 umore
870 3013 932 3063 libe·
983 3012 1077 3062 metria:

432 3095 483 3135 rata
498 3094 565 3134 vates
579 3096 630 3136 tua.
665 3088 750 3151 Lyram
768 3085 858 3151 primus
876 3085 933 3136 lecit
1016 3087 1164 3134 Continuant
1181 3087 1247 3146 pedu
1266 3087 1319 3132 istm
1338 3087 1364 3130 in
1380 3086 1482 3134 eumin

433 3157 575 3207 Mercurius.
608 3158 728 3208 Earelata
744 3168 781 3208 eet
796 3158 930 3216 inooelum,
1045 3162 1101 3208 tolon

433 3239 523 3279 mortuo
528 3230 633 3296 Orpheo,
638 3231 717 3281 lavore
724 3232 851 3299 Apollinis,
859 3248 931 3298 quern
1015 3233 1112 3282 Dicitur
1122 3235 1168 3281 hcc
1178 3233 1253 3281 eadent
1262 3231 1375 3293 pretim
1386 3229 1481 3279 Poura

432 3302 559 3369 plurimum
579 3305 644 3370 apud
670 3305 756 3355 inferne
777 3304 929 3355 laudaverat:
1046 3306 1143 3369 Sappho.
1355 3304 1446 3354 unm.

433 3387 458 3425 et
473 3378 595 3427 voluntate
612 3379 689 3435 lovis,
708 3379 749 3444 qui
770 3379 795 3427 id
816 3380 932 3428 coueefflt
980 3378 1054 3442 Apud
1074 3379 1183 3428 Perdunt
1208 3378 1234 3426 in
1255 3376 1374 3426 Prooemio
1398 3378 1481 3437 hebes,

433 3450 541 3517 Calliope
551 3450 615 3509 filiu,
626 3452 695 3502 matri
703 3453 804 3518 Orphei.
838 3454 923 3502 Domit.
983 3452 1064 3502 Coruus
1081 3454 1163 3502 Poltat
1182 3462 1205 3501 et
1221 3452 1326 3500 PoPtrtet
1343 3455 1415 3514 piena,
1436 3453 1479 3503 ubi

467 3525 570 3589 Paruit]
591 3526 803 3576 Potuimaluerim.
820 3535 886 3593 patet
901 3543 931 3576 ex
981 3527 1054 3575 etiam
1070 3528 1131 3577 male
1141 3527 1238 3575 turbant
1254 3525 1363 3575 nonnulli
1377 3524 1483 3578 dodim.

430 3599 542 3664 sequenti
561 3616 644 3660 verru3
670 3608 694 3649 et
715 3599 749 3648 ric
775 3598 932 3649 Parnetlanne
981 3615 1059 3664 neque
1085 3602 1158 3649 etiam
1180 3600 1278 3657 Po'e'tris,
1299 3600 1374 3649 multo
1401 3599 1480 3651 minue

431 3687 486 3720 cunr
499 3688 545 3721 uuo
555 3688 616 3722 tneo.
627 3672 733 3739 Propert.
743 3672 770 3721 ii.
782 3673 851 3738 Elag.
863 3672 913 3722 xiv.
983 3672 1069 3729 Pata,
1080 3672 1144 3737 quod
1155 3673 1265 3722 Clarerio
1275 3672 1403 3729 arridebat,
1412 3673 1479 3737 igno

467 3744 522 3794 Hor
538 3756 659 3809 pomereto
671 3748 856 3804 nuttilhdloa,
872 3744 931 3794 Pro-
980 3753 1006 3793 ta
1026 3746 1145 3795 veteribus
1165 3746 1290 3803 voeabula,
1310 3744 1335 3794 in
1357 3745 1479 3795 civitaten

496 3823 658 3881 pertinenter.
806 3820 897 3868 Hurue.
981 3818 1114 3868 Romanam
1124 3818 1288 3868 admiscenda.
1305 3820 1396 3869 Buten.

433 3892 569 3957 Naugerius
579 3894 685 3943 notatio
696 3894 805 3943 omnibns
817 3893 866 3941 enit
882 3892 931 3956 legi
1015 3893 1071 3941 luo.
1090 3893 1148 3940 Cura
1157 3892 1282 3958 profugam
1296 3894 1365 3955 ponit
1378 3895 1424 3955 ipre
1440 3908 1479 3940 re·

435 3964 746 4033 l’o‘e’rr'cn,utqueiteetium
756 3965 840 4016 edidit.
873 3965 931 4013 Po‘t'·
973 3964 1043 4029 serre
1055 3965 1155 4029 pedm]
1172 3966 1212 4015 Sic
1227 3966 1356 4031 legendam
1371 3982 1401 4015 ex
1417 3966 1482 4016 enti·

431 4042 479 4085 trin
497 4048 569 4090 reete.
601 4040 697 4106 Sappho
714 4040 778 4089 enim
796 4055 838 4106 per
851 4038 932 4087 excel·
981 4038 1118 4103 quislihris.
1150 4041 1283 4089 Manum
1296 4040 1481 4105 tpoetropheud

432 4111 531 4162 lentium
553 4113 647 4162 Po‘t'trt'o
673 4112 747 4171 dictu,
766 4122 795 4162 nt
815 4112 932 4161 Homernt
982 4111 1119 4161 Phaonem:
1135 4113 1345 4163 mnussomodo
1356 4114 1481 4180 mihipte

434 4185 515 4234 Po'e‘tn.
549 4186 657 4236 Galenus
666 4186 734 4243 libro,
746 4185 819 4235 animi
829 4185 931 4233 affectus
979 4186 1057 4243 benur,
1068 4203 1122 4243 nee,
1131 4196 1159 4235 nt
1168 4198 1236 4252 puto,
1245 4188 1357 4253 euriquarn
1374 4187 1482 4253 eliipro-

432 4268 601 4308 consentaneos
611 4256 931 4326 eeoetemperutumlldr·
979 4258 1085 4309 habitur.
1110 4261 1247 4312 Crortuue.
1281 4262 1335 4323 ipa
1349 4261 1439 4327 scripti.
1456 4273 1484 4312 et

433 4348 480 4388 τας
495 4334 545 4396 γὰρ
555 4331 931 4399 ἀκούομενὍμηρονμὲνλίγε·
980 4342 1052 4382 reete.
1088 4335 1144 4383 Non
1154 4333 1404 4384 enimimuoedim
1415 4337 1484 4385 Pna-

434 4403 492 4451 σθαι
508 4404 628 4466 ποιὴτην,
641 4407 736 4471 Σαπφὼ
751 4405 776 4455 δὲ
787 4404 930 4471 ποιήτριαν.
981 4424 1024 4456 on:
1059 4408 1102 4457 ead
1135 4407 1161 4465 in>
1192 4409 1306 4466 siciliam,
1334 4408 1484 4475 profugerat.

432 4474 468 4522 tic
479 4485 503 4523 ot
512 4476 609 4526 AEllino
616 4479 682 4528 dieta
691 4480 734 4527 lib.
744 4481 847 4529 xv.Vnr.
854 4479 931 4527 Athe·
982 4483 1071 4531 llurus.

433 4563 485 4596 uteo
503 4547 544 4597 lib.
557 4565 597 4601 ιν.
616 4560 640 4598 et
651 4552 776 4600 Pausania
791 4553 818 4603 in
829 4553 930 4601 Arcadi-
