3600 5925
560 835 822 904 HEROIDES.
845 834 917 902 ΕΡ.
940 835 1010 902 XI.
1249 831 1314 899 137

266 1013 337 1089 llle
355 1011 457 1088 Noto
474 1010 740 1109 Zephyroque,
759 1018 798 1083 et
817 1008 989 1082 Sithonio
1007 1008 1184 1106 Aquiloni

316 1128 496 1227 Imperat,
515 1135 555 1200 et
571 1124 719 1224 pennis,
740 1121 840 1197 Eure
858 1137 1042 1222 proterve,
1061 1124 1149 1197 tuis.

266 1243 435 1341 Imperat
446 1240 555 1339 (heu)
570 1241 712 1329 ventis3
732 1239 886 1313 tumidae
901 1263 976 1312 non
987 1227 1147 1338 imperat
1164 1240 1248 1313 irae:
1269 1242 1312 1312 15

317 1357 495 1432 Possidet
511 1365 552 1430 et
567 1354 667 1427 vitiis
684 1377 800 1450 regna
817 1354 963 1428 minora
979 1355 1069 1428 suis.

267 1469 368 1557 Quid
381 1473 501 1571 juvat,
520 1470 710 1543 admotam
727 1492 796 1567 per
812 1492 965 1542 avorum
983 1467 1260 1553 uominacoe10‚

314 1586 421 1662 Inter
438 1597 620 1683 cognatos
637 1609 750 1684 posse
767 1582 904 1658 referre
921 1583 944 1655 J
947 1585 1079 1657 ovem?

266 1702 372 1775 Num
389 1701 512 1774 minus
530 1700 719 1786 infestum,
737 1697 910 1772 funebria
924 1722 1091 1784 munera,
1109 1696 1247 1771 ferrum

317 1815 498 1891 Feminea
513 1825 637 1900 teneo,
656 1839 731 1888 uon
749 1837 836 1889 mea
851 1814 940 1899 tela,
959 1814 1097 1886 manu?
1264 1816 1314 1884 20

265 1930 302 2004 O
321 1931 476 2017 utinam,
496 1928 690 2016 Macareu,
709 1953 796 2026 quoe
814 1952 883 2001 nos
901 1927 1090 2001 commisit
1106 1926 1145 1999 in
1163 1949 1290 2011 unum,

315 2044 492 2120 Venisset
508 2046 585 2119 leto
602 2044 719 2119 serior
736 2044 829 2117 hora
845 2042 951 2117 meo!

265 2158 346 2232 Cur
361 2182 541 2256 umquam
559 2159 646 2258 plus
663 2181 737 2245 me,
756 2156 881 2244 frater,
898 2181 1013 2254 quam
1027 2155 1140 2231 frater
1157 2156 1313 2229 amasti?

315 2271 366 2346 Et
382 2273 464 2360 tibi,
483 2297 558 2347 non
575 2273 691 2347 debet
707 2272 812 2373 quod
829 2295 934 2346 soror
950 2296 1048 2358 esse,
1066 2271 1145 2345 suil

265 2386 355 2487 lpse
372 2412 525 2487 quoque
542 2388 703 2463 incalui:
732 2388 961 2488 qualemque
984 2385 1113 2461 audire
1130 2385 1311 2472 solebam,

315 2504 456 2580 Nescio
473 2527 588 2601 quem
606 2505 707 2578 sensi
725 2504 838 2578 eorde
856 2512 1010 2600 tepente
1029 2502 1165 2575 Deum.
1261 2504 1310 2574 26

265 2618 428 2717 Fugerat
445 2643 507 2694 ore
525 2619 647 2695 color:
677 2621 818 2694 macies
836 2619 1046 2695 adduxerat
1062 2629 1186 2691 aruis:

316 2735 524 2808 Sumebant
539 2735 713 2809 minimos
731 2760 796 2810 ora
812 2747 946 2810 coacta
961 2736 1079 2809 cibos.

267 2850 351 2925 Nec
369 2849 490 2923 somni
507 2848 649 2937 faciles,
667 2860 707 2925 et
724 2875 799 2925 nox
817 2861 898 2926 erat
916 2874 1040 2925 annua
1057 2849 1186 2924 uobis:

316 2964 369 3040 Et
385 2964 568 3062 gemitum
585 2967 687 3041 nullo
704 2967 795 3042 laesa
812 2968 942 3042 dolore
959 2968 1111 3041 dabam.
1263 2967 1312 3035 30

297 3175 337 3224 17.
355 3173 689 3239 Οιίδῂωεαάοιοεωι,ἅο.]
705 3176 762 3225 Pla·
811 3176 870 3226 dum
879 3175 1015 3243 persuadet.
1032 3175 1171 3225 Croruum.
1188 3172 1253 3221 Vera
1261 3171 1312 3220 lee-

263 3263 308 3297 uus
317 3264 399 3297 semus
408 3255 455 3304 est,
467 3263 514 3297 uon
524 3248 645 3313 figuratus.
654 3257 681 3298 ut
691 3250 762 3299 Com-
812 3250 855 3300 tio.
873 3250 959 3299 frustra
967 3249 1061 3298 codices
1077 3250 1210 3305 abduxerat
1221 3256 1246 3295 et
1261 3245 1312 3295 edi·

262 3331 377 3372 mutator
393 3320 550 3371 existimavit:
568 3332 604 3371 est
620 3323 684 3371 euim
694 3322 761 3380 ordo,
815 3324 890 3373 tiones
908 3323 1017 3387 quadum
1032 3324 1163 3371 aluums
1195 3321 1265 3386 Virg.
1276 3319 1312 3371 iii.

263 3396 321 3463 quid
336 3396 414 3462 jurat,
434 3410 473 3444 me
490 3411 532 3461 per
551 3395 646 3444 rumina
665 3411 763 3445 avorum
814 3397 904 3462 Georg.
916 3398 975 3446 48³.

262 3470 383 3519 mmoum
409 3468 480 3525 coelo,
501 3468 546 3517 hoc
566 3475 604 3517 est
627 3468 765 3518 cmlestibua
845 3494 975 3507 —--
987 3469 1179 3534 Ubiigmvenit

263 3542 416 3607 conjunctum
439 3549 464 3589 et
489 3540 593 3596 affinem,
610 3556 679 3605 posse
704 3540 766 3590 iuter
848 3545 957 3592 Οηιηίὸιω
966 3545 1076 3592 actasitis
1086 3547 1175 3592 miseros
1185 3543 1312 3591 uddmnat

263 3622 379 3681 cognatus
397 3615 483 3664 lovem
499 3613 601 3663 referre!
626 3613 669 3663 hoe
686 3623 765 3663 autem
878 3628 951 3666 anus.
968 3618 1059 3667 Huius.

262 3707 293 3741 eo
303 3688 415 3755 pertinet,
427 3687 491 3753 quod
506 3686 596 3753 primus
610 3687 695 3736 AEolus
705 3687 763 3737 Hel·
846 3694 887 3743 28.
907 3692 955 3741 Ora
965 3691 1064 3754 coacta]
1083 3690 1142 3739 Haec
1152 3689 1261 3754 probant,
1270 3689 1311 3734 ad·

260 3763 324 3814 leni·
335 3761 398 3811 filim
407 3760 559 3818 fniuflellen
573 3760 649 3811 J⁰vi⁸=
684 3761 764 3818 Qwe
812 3770 911 3817 duraret
921 3767 1050 3832 legendum
1061 3780 1112 3813 esse
1129 3764 1153 3811 iu
1169 3760 1312 3826 precedenti

262 3853 306 3904 ptr
316 3835 401 3886 “dem
417 3841 561 3892 8101·ῦῦιῆ
577 3834 627 3900 ipsu
637 3833 668 3882 nd
678 3835 764 3884 Juvem
812 3856 893 3890 verm:
916 3841 980 3889 idem
997 3838 1061 3886 euim
1078 3843 1154 3884 notat.
1177 3850 1232 3882 uam
1249 3832 1312 3881 male

263 3926 339 3975 genu·
348 3923 418 3958 mum
427 3907 553 3956 referebtt·
568 3908 667 3956 Mrm.
813 3914 961 3964 Hubeninus
985 3910 1082 3977 exponit
1103 3909 1226 3970 compulsa,
1249 3906 1313 3955 cru

298 3983 338 4032 19.
356 3981 406 4031 Noe
414 3980 514 4044 minua]
533 3981 664 4045 [egenum
672 3981 763 4030 ninus?
812 3987 883 4053 pinus
909 3990 999 4043 invitm
1026 3992 1062 4032 est
1080 3981 1143 4031 enim
1163 3979 1228 4028 idem
1248 3979 1312 4044 quod

261 4055 438 4121 irrtenogutive.
466 4055 564 4103 Mrcrr..
597 4054 641 4103 vir
665 4053 763 4119 quidam
812 4068 943 4115 eontracta,
951 4058 1042 4106 minora
1051 4071 1094 4120 per
1103 4053 1235 4101 maciemet
1244 4052 1313 4116 regri·

263 4145 311 4179 auu
334 4128 467 4179 ineruditus
486 4127 512 4176 iu
536 4127 658 4193 Supplem.
679 4126 761 4177 Actor.
813 4132 919 4182 tudinem
930 4129 1125 4187 factmsicvirut
1137 4137 1248 4182 eoactum,
1262 4127 1311 4175 Lu·

264 4202 369 4269 lipsien.
379 4210 437 4251 tom.
451 4202 486 4250 vi.
496 4208 555 4250 sect.
566 4201 591 4250 ii.
601 4217 628 4266 p.
636 4202 677 4251 00.
689 4201 762 4267 legit:
813 4221 866 4255 ean.
874 4205 908 4253 vi.
917 4206 975 4254 548.
992 4212 1069 4251 coacta
1079 4210 1195 4263 tempestus
1202 4199 1313 4248 Lucretio

297 4276 356 4324 Cum
365 4278 441 4324 nurus
449 4276 565 4341 injutum,
576 4275 623 4324 uc.
813 4279 857 4328 lib.
868 4278 886 4326 i.
896 4278 953 4325 762.
971 4275 1012 4325 ubi
1022 4284 1085 4323 recte
1097 4272 1208 4324 Gisuuius
1222 4276 1313 4321 deum

264 4349 388 4400 certem
395 4348 491 4414 genium
499 4347 671 4398 illeovidim
678 4362 763 4397 venus·
813 4351 926 4418 explicat,
932 4360 957 4400 et
967 4347 1128 4398 observatione
1136 4347 1232 4412 diguam
1242 4346 1313 4413 phra-

263 4422 540 4488 ummnequvideur.
556 4429 657 4471 streete
675 4423 705 4471 ub
716 4421 764 4471 alio
813 4424 850 4474 siu
860 4432 937 4473 nutat.
954 4423 989 4472 sic
1004 4429 1029 4470 et
1039 4438 1117 4487 regere
1126 4421 1228 4471 fullones
1237 4421 1310 4470 veui-

265 4496 441 4546 viruiui'ndem
448 4493 764 4561 ActisA.unoexv.April.
813 4506 903 4554 meula,
922 4504 947 4546 et
962 4494 1004 4545 alii
1020 4495 1121 4544 artifices
1139 4495 1259 4545 materiem
1272 4494 1309 4544 di-

265 4587 293 4637 p.
306 4571 360 4620 lta
368 4571 485 4621 refutatus
494 4579 541 4621 est.
558 4572 647 4621 Busa.
814 4580 992 4636 ennumquam
1002 4566 1156 4621 condensam.
1172 4570 1263 4621 Bou.

298 4645 340 4694 at.
357 4644 513 4709 Aluum]
537 4644 609 4695 Ratio
629 4645 663 4694 itu
683 4644 764 4708 legeu-
