3600 5925
496 685 561 749 192
787 683 826 746 P.
851 678 1012 746 OVIDII
1037 679 1249 746 NASONIS

496 857 549 930 At
565 880 651 930 cum
669 879 711 929 se
729 854 841 927 Titan
858 852 1034 939 ostendit,
1055 863 1094 926 et
1110 854 1236 929 omnia
1253 876 1404 944 secum3
1472 861 1546 933 135

544 971 639 1045 Tam
656 972 732 1044 cito
751 995 811 1044 me
829 994 980 1044 somnos
998 970 1215 1044 destituisse
1233 995 1383 1067 queror.

496 1086 616 1159 Antra
632 1109 841 1184 nemusque
857 1095 968 1184 peto;
997 1097 1190 1182 tamquam
1208 1110 1342 1159 nemus
1361 1095 1546 1184 antraque

547 1201 711 1277 Conscia
727 1202 873 1276 deliciis
891 1203 956 1274 iila
972 1200 1076 1274 fuere
1094 1202 1182 1273 tuis.
1369 1201 1533 1300 [prosint

497 1316 592 1391 Illuc
608 1318 743 1391 mentis
761 1318 882 1417 inops,
901 1327 1074 1413 utquam
1092 1315 1233 1389 furialis
1253 1314 1436 1391 Erichtho

546 1431 713 1531 Impulit,
732 1432 771 1504 in
788 1433 886 1505 collo
904 1431 1006 1504 crine
1019 1434 1183 1529 jacente,
1202 1430 1313 1505 seror.
1475 1434 1548 1504 140

497 1546 616 1622 Antra
631 1548 760 1622 vident
776 1548 875 1621 oculi
893 1548 1028 1620 scabro
1046 1548 1252 1646 pendentia
1267 1546 1399 1645 topho,

546 1662 642 1747 Quae
659 1663 751 1736 mihi
770 1662 970 1761 Mygdonii
988 1664 1181 1738 marmoris
1200 1664 1319 1737 instar
1335 1671 1455 1740 erant.

495 1952 539 1983 erse
558 1934 637 1998 inita]
665 1934 718 1984 Non
740 1937 793 1983 libet
812 1936 875 1984 bene
895 1943 997 2001 quatuor
1046 1935 1109 1986 Met.
1121 1936 1179 1984 ⁴84.
1190 1935 1280 1984 itan.
1292 1934 1451 1984 Anasta.
1478 1934 1552 1984 Bua-

496 2009 560 2057 libn'.
595 2008 686 2074 Opinor
695 2008 862 2058 sonbendum:
1047 2026 1162 2059 nessus.
1194 2008 1320 2058 Audacius
1328 2016 1403 2066 certe,
1414 2023 1553 2073 quamm-

528 2084 680 2132 ——Sed
690 2084 826 2147 omninfieri
1046 2083 1105 2132 tius!
1137 2082 1265 2132 praeferam
1291 2081 1405 2146 equidem
1427 2081 1555 2138 Haeufflii,

530 2157 996 2219 Etjrrtut,etsinetenonlibetesoemiiri.
1046 2155 1090 2204 viri
1117 2155 1296 2221 elegantissimi,
1321 2156 1494 2220 conjectum,
1527 2155 1555 2203 in

495 2232 563 2295 Saepe
585 2233 638 2280 tibet
658 2232 683 2282 in
704 2235 757 2281 ticet
779 2231 941 2297 degenerant.
961 2232 996 2282 sic
1043 2232 1155 2290 periculis
1173 2232 1270 2285 criticis,
1290 2245 1317 2293 p.
1338 2229 1398 2280 278.
1420 2228 1556 2294 legendum

496 2305 539 2354 lib.
550 2304 577 2352 ii.
589 2303 643 2353 Art.
655 2305 712 2353 Am.
724 2305 750 2353 ii.
763 2308 821 2356 ³27.
1046 2303 1178 2352 censentis:

527 2404 625 2415 --
636 2379 771 2443 Quadosque
781 2383 865 2439 libebit,
1079 2377 1185 2440 Etjuvnt
1195 2386 1217 2426 et
1227 2378 1276 2426 sine
1288 2386 1310 2425 te
1320 2378 1353 2424 tic
1363 2376 1419 2424 libet
1429 2391 1474 2428 ute
1484 2374 1557 2422 mitt.

530 2452 832 2518 Qraeaerqferasiltimmnio
843 2458 895 2504 taera
907 2458 967 2504 vide.
1044 2450 1091 2499 Sed
1112 2451 1172 2499 sorte
1195 2448 1255 2500 nihil
1283 2447 1444 2496 mutandum:
1472 2456 1560 2512 potest

497 2526 561 2574 rat.
573 2525 605 2574 vi.
1045 2522 1107 2570 enim
1119 2522 1159 2570 hic
1168 2523 1273 2585 vulgatae
1290 2537 1376 2570 sensus
1386 2537 1454 2569 esse:
1472 2529 1499 2569 et
1508 2525 1560 2583 ju-

529 2599 578 2648 Nec
590 2601 650 2657 tibet,
661 2610 682 2649 et
696 2602 788 2666 longum
800 2610 833 2650 est
843 2603 922 2662 epulas
938 2618 992 2649 aar.
1043 2604 1089 2651 vet,
1101 2603 1126 2643 et
1137 2594 1182 2642 fert
1199 2593 1283 2650 libido,
1294 2604 1323 2642 ut
1333 2610 1489 2659 quocumque
1501 2605 1561 2643 tan-

559 2688 613 2720 rare
624 2672 734 2721 Deorum.
1043 2668 1098 2717 dem
1113 2668 1184 2716 modo
1202 2678 1283 2716 tecum
1301 2667 1365 2726 sim;
1387 2683 1445 2716 nam
1463 2670 1515 2717 sine
1537 2681 1563 2718 te

495 2745 534 2793 Ita
543 2744 602 2794 locis
610 2744 663 2794 istis
671 2744 829 2794 scribendum.
860 2745 993 2794 Humerus.
1043 2757 1152 2791 essenon
1165 2743 1228 2789 libet.
1246 2742 1363 2789 Lassae.

496 2817 572 2867 Nulla
588 2818 628 2867 hic
644 2818 725 2867 mendi
742 2816 844 2882 suspicio
860 2817 993 2882 interpreti·
1078 2816 1134 2864 139.
1169 2814 1419 2878 FarintisAEricirto.]
1455 2815 1566 2865 Erichto

494 2892 541 2942 bus
560 2892 656 2941 suborta
673 2891 728 2940 init.
745 2890 809 2955 quod
830 2890 915 2939 miror:
939 2906 994 2939 nam
1042 2887 1179 2937 Thessalica
1195 2888 1312 2943 venefica,
1335 2887 1387 2936 sive
1409 2903 1483 2952 maga
1502 2889 1568 2950 fuit,

496 2965 566 3015 facile
592 2974 659 3030 patet
681 2966 764 3031 jejune
785 2964 913 3015 admodum
933 2965 993 3014 illud
1043 2961 1111 3027 cujus
1131 2978 1203 3028 opera
1225 2961 1356 3029 Pompejus
1377 2979 1475 3028 quoque
1499 2980 1571 3015 ustus

495 3038 589 3103 subjici,
602 3048 624 3086 et
640 3042 720 3086 sinete
736 3056 782 3087 non
799 3040 852 3086 titur
868 3055 913 3088 etse
928 3040 992 3087 midi.
1043 3036 1096 3085 fuit.
1113 3036 1143 3083 de
1164 3051 1214 3100 qua
1235 3035 1327 3102 prolixe
1350 3035 1443 3084 lucan.
1461 3034 1510 3085 lib.
1531 3038 1573 3089 vi.

496 3110 560 3175 quod
570 3109 643 3159 etiam
653 3110 684 3158 de
699 3127 777 3160 amore
792 3111 894 3168 modico,
907 3120 932 3160 et
947 3111 994 3176 pri·
1042 3109 1085 3159 sed
1103 3109 1142 3158 hic
1153 3109 1258 3159 Ovidius
1274 3125 1317 3175 pro
1333 3108 1439 3174 generali
1456 3110 1574 3161 nomine

495 3198 560 3231 mum
578 3189 635 3232 neto
644 3184 692 3233 dici
709 3192 797 3249 posset.
814 3183 854 3232 vix
871 3184 935 3233 enim
950 3183 993 3233 du·
1043 3183 1202 3232 veneficarum
1212 3183 1321 3249 posuisse
1332 3183 1435 3239 ridetur,
1447 3183 1576 3249 speciem

494 3270 546 3305 mre
562 3256 613 3305 sine
629 3265 732 3306 amatore
750 3274 793 3307 suo
808 3257 910 3323 puellas,
922 3273 994 3323 quam
1043 3273 1085 3323 pro
1095 3272 1182 3321 genere
1193 3258 1342 3323 usurpando.
1361 3258 1458 3306 Micia.

494 3328 597 3392 primum
607 3338 677 3379 tactu
687 3339 751 3387 mnt,
763 3346 842 3395 posse,
855 3338 937 3379 notum
947 3339 993 3379 est.
1078 3331 1133 3378 140.
1168 3328 1291 3394 imparia]
1327 3333 1430 3380 Abstulit
1458 3346 1578 3398 repono,

493 3408 520 3450 et
529 3400 582 3459 issa,
590 3401 678 3451 locutio
693 3406 741 3452 rinc
752 3413 782 3461 te,
793 3402 852 3451 nihii
870 3401 916 3451 nisi
933 3418 992 3466 prse-
1043 3402 1139 3468 propius
1148 3402 1262 3453 insistens
1273 3404 1383 3469 vestigiis
1399 3404 1499 3469 scriptae
1514 3405 1580 3455 lec·

493 3474 595 3524 sentim
621 3477 739 3533 amatorie,
761 3491 834 3541 quam
859 3474 993 3524 desiderare
1043 3477 1122 3526 tionis.
1139 3478 1234 3526 unns.
1267 3477 1320 3541 Ego
1335 3480 1485 3545 conjecturae
1505 3479 1580 3531 huic

495 3545 596 3605 videtur,
607 3548 712 3599 iudicare
730 3557 817 3615 potest.
835 3548 870 3597 ita
885 3547 920 3596 iii.
935 3547 991 3596 Am.
1043 3550 1135 3600 Heinsii
1154 3550 1252 3598 minime
1271 3552 1384 3600 ementiri
1401 3568 1521 3617 possum
1550 3565 1585 3605 ut

494 3621 528 3671 xi.
537 3637 593 3671 cum
603 3622 714 3673 dixisset:
1043 3622 1085 3688 qui
1097 3625 1189 3685 impulit
1206 3623 1283 3671 multo
1300 3624 1421 3687 gravioris
1435 3625 1585 3690 signifim.

528 3695 659 3757 Nequitiam
671 3696 752 3762 sagio,
766 3695 898 3761 fragimtem
912 3694 992 3759 forma
1043 3696 1114 3745 tionis
1128 3696 1228 3745 verbum
1247 3704 1340 3761 putem,
1354 3711 1430 3760 quam
1447 3701 1589 3753 adetum,

559 3773 659 3818 reducit.
1043 3782 1068 3820 et
1083 3771 1122 3820 hic
1140 3770 1172 3819 de
1189 3769 1275 3825 furore,
1293 3769 1332 3818 vel
1351 3769 1374 3818 ei
1396 3781 1464 3820 certe
1488 3776 1592 3827 simili

494 3840 553 3890 Mox
564 3840 645 3891 addit:
1042 3843 1169 3893 affectione
1180 3842 1269 3907 agitur.
1286 3843 1431 3908 Sequentia,
1449 3844 1488 3894 In
1513 3854 1595 3901 collo

527 3915 565 3963 Sic
574 3934 615 3981 ego
625 3934 665 3966 nec
675 3919 723 3965 sinc
733 3926 763 3972 te,
773 3932 814 3965 nec
829 3926 903 3964 mcum
918 3917 992 3963 rivers
1041 3921 1106 3966 crine
1111 3922 1217 3981 jacente,
1228 3926 1255 3966 ut
1268 3917 1412 3967 vaticinanti
1422 3928 1449 3968 et
1461 3919 1594 3978 turim

556 4005 654 4049 possum.
1041 3991 1197 4055 respondent,
1219 4000 1245 4039 et
1264 3992 1386 4058 precipue
1407 3992 1445 4041 ita
1459 3999 1596 4049 verbum

495 4058 555 4115 Qun
566 4076 620 4109 cum
630 4060 665 4109 ita
680 4059 735 4117 sint,
745 4059 828 4124 quanti
844 4076 892 4108 non
903 4060 991 4109 iacien·
1033 4064 1210 4130 setoregregie
1219 4066 1343 4131 congruit:
1356 4067 1427 4116 Ferri
1438 4069 1524 4120 enim
1535 4073 1595 4125 im.

494 4131 538 4181 dur
548 4133 622 4183 codex
632 4134 673 4183 ille
684 4133 893 4191 Francoiurtcneis,
902 4134 944 4199 qui
954 4150 991 4183 so-
1042 4138 1105 4202 pulsi
1128 4138 1203 4196 iuriis,
1225 4148 1251 4188 et
1267 4141 1411 4205 gravissima
1432 4150 1597 4209 perturba.

493 4201 531 4250 lus
540 4206 642 4254 servam
651 4214 764 4263 veterem,
775 4215 800 4256 et
812 4205 910 4271 reliquis
920 4206 991 4256 libra·
1042 4209 1107 4259 tione
1117 4213 1215 4273 mentis,
1228 4213 1323 4280 proprie
1334 4213 1464 4267 dicunnu.
1482 4218 1598 4273 Hom.

494 4273 747 4329 riisnonintellectam
757 4280 910 4346 scripturam:
1042 4283 1060 4329 i.
1072 4284 1125 4332 Sat.
1135 4284 1171 4333 iv.
1183 4287 1227 4334 30.

528 4345 643 4408 Etjevot,
655 4362 677 4401 et
687 4356 744 4402 cioca
755 4371 801 4402 uon
812 4356 864 4402 iicet
874 4370 918 4403 esse
928 4354 991 4400 miii.
1074 4383 1174 4394 -—
1186 4357 1252 4412 Qru'u
1259 4374 1304 4421 per
1314 4362 1377 4409 mala
1387 4377 1508 4427 praep,

397 4482 401 4490 .
494 4417 632 4480 Iegendum
656 4425 764 4475 nimirum
791 4426 889 4475 minima
914 4434 991 4474 muta-
1076 4429 1285 4480 Fertor.——
1434 4435 1558 4492 Busan.

494 4490 557 4539 tione
583 4496 655 4542 dece.
682 4497 715 4545 sic
736 4498 799 4562 apud
821 4499 935 4549 Nostrum
956 4499 989 4546 ix.
