3600 5925
449 754 515 820 lut
737 752 776 817 P.
800 745 964 818 0v11>11
987 751 1198 820 NASONIS

452 927 547 1012 Quoe
562 927 658 1001 bene
676 925 757 999 viuc
772 925 863 998 mihi
881 922 1030 1014 fuerint,
1045 927 1143 1002 bene
1159 927 1240 1002 visu
1256 939 1403 1026 negato.
1445 937 1496 1006 45

503 1042 727 1117 Concedent
741 1042 867 1118 verbis
884 1042 1028 1117 luminu
1045 1055 1172 1118 nostra
1189 1044 1276 1118 tnis.

452 1158 578 1233 Prona
593 1158 663 1232 tibi
679 1157 777 1231 vinci
794 1159 1010 1258 cupientem
1027 1159 1176 1233 vincere
1192 1160 1320 1258 palma
1331 1173 1400 1236 est.

503 1274 563 1348 Sit
578 1275 703 1362 modo,
723 1273 759 1347 N
762 1298 811 1347 ou
828 1274 912 1362 leci,
931 1275 1056 1349 dicere
1073 1275 1202 1371 lingua
1217 1299 1371 1350 memor.

453 1392 551 1466 Cum
568 1391 636 1465 tibi
652 1390 846 1487 contingat
861 1390 985 1464 verbis
1003 1413 1180 1489 superare
1195 1391 1362 1482 dnobus;

503 1499 600 1581 Etsi
618 1530 693 1580 non
710 1505 1125 1604 caussd,judicevince
1141 1517 1219 1580 tuo.
1446 1513 1495 1582 50

801 1899 1026 1976 ELEGIA
1062 1901 1148 1977 XV.

454 2086 591 2171 Qnaere
608 2109 744 2160 novum
761 2095 897 2172 vatem,
917 2096 1128 2159 tenerorum
1145 2097 1265 2160 mater
1281 2086 1479 2161 Amorum:

503 2202 664 2277 Raditur
680 2202 740 2275 hic
759 2199 888 2297 Elegio
906 2202 1037 2277 ultima
1054 2215 1155 2279 meta
1171 2204 1278 2277 meis.

454 2318 558 2403 Quos
576 2342 646 2415 ego
663 2317 871 2416 composui,
890 2315 1039 2414 Peligni
1059 2319 1153 2392 ruris
1170 2319 1359 2392 alumnus:

503 2433 586 2509 Nec
600 2456 661 2507 me
679 2433 824 2507 deliciae
842 2432 1055 2508 dedecuere
1073 2459 1179 2510 mere.

455 2549 497 2622 Si
512 2548 606 2648 quid
623 2548 662 2622 id
679 2558 749 2634 eut,
770 2571 891 2645 nuque
909 2550 1209 2647 aproavisvetus
1220 2550 1360 2624 ordinis
1370 2551 1491 2635 heres,

503 2665 539 2739 N
542 2690 591 2739 on
608 2666 719 2740 modo
733 2664 874 2739 militiae
891 2666 1041 2740 turbine
1055 2665 1177 2741 factus
1195 2690 1326 2765 eques.
1469 2670 1493 2738 6

457 2780 616 2856 Mantua
632 2779 789 2878 Virgilio
807 2782 959 2878 gaudet,
978 2782 1129 2857 Verona
1146 2783 1314 2858 Catullo:

503 2897 671 2997 Pelignae
688 2897 792 2972 dicar
809 2897 928 2995 gloria
944 2898 1067 2995 gentis
1085 2922 1168 2996 ego.

454 3015 577 3101 Quum
594 3038 664 3089 suu
677 3015 831 3089 libertus
848 3015 896 3088 ad
913 3015 1071 3089 honesta
1085 3025 1263 3113 coegerat
1278 3039 1393 3100 arma,

503 3130 603 3204 Cum
619 3130 745 3203 timuit
761 3132 881 3205 socius
900 3132 1014 3206 anxia
1032 3131 1156 3206 Roma
1172 3155 1317 3206 manns.
1449 3135 1492 3202 10

484 3391 510 3439 d.
524 3389 577 3438 Nou
586 3391 649 3439 modu
664 3394 752 3440 uiuere
769 3395 952 3458 turdirrosuetut
1000 3396 1067 3459 (quo
1087 3408 1150 3443 nunc
1171 3392 1292 3457 Sulmone)
1312 3409 1342 3443 ex
1362 3408 1411 3459 quu
1430 3393 1494 3441 Nm

451 3465 536 3529 quau]
561 3462 661 3513 Turbine
677 3474 735 3532 puto
751 3466 821 3525 dixit,
838 3484 882 3535 pru
900 3478 950 3519 tur·
999 3468 1282 3521 oriundus.8trub.r.9.
1315 3467 1405 3518 Arum

452 3537 559 3588 bulentiu
578 3547 603 3587 ct
623 3537 798 3603 inquietudine:
827 3551 869 3592 unt
886 3552 950 3593 certe
1031 3544 1058 3592 9.
1071 3543 1145 3597 Quium
1160 3545 1313 3599 vualibertus,
1323 3542 1383 3605 iro]
1413 3543 1493 3600 Quum

452 3628 495 3679 pro
505 3612 618 3662 rotatione
628 3628 751 3678 equorum,
761 3631 821 3680 quos
831 3615 856 3664 in
865 3632 949 3681 gyrum
996 3616 1037 3682 jus
1045 3615 1148 3666 civitatis
1158 3616 1199 3665 diu
1209 3618 1341 3682 frustraque
1351 3632 1368 3665 u
1381 3615 1495 3664 Romunis

452 3687 612 3752 circumagere
648 3687 763 3737 uolebunt.
809 3689 951 3756 Metaplroru
1000 3689 1101 3757 Peligni,
1112 3689 1187 3740 Murci
1198 3698 1223 3741 et
1233 3688 1353 3740 Mumcini
1363 3689 1494 3755 petiissent.

451 3769 547 3828 sumpta
562 3759 600 3810 vel
617 3775 633 3809 u
648 3770 718 3810 ventu
734 3770 901 3828 tempestuoso,
911 3763 949 3812 vel
999 3762 1024 3813 id
1035 3762 1103 3813 sociis
1113 3763 1183 3813 annin
1191 3773 1329 3833 extorquere
1337 3772 1494 3821 rennuerunt.

452 3833 749 3885 ubinrtrumentoluuorio.
783 3836 857 3895 Qnuui
870 3836 948 3887 dicut:
998 3838 1063 3902 quod
1079 3837 1137 3905 ipris
1151 3839 1285 3892 exarmatis.
1300 3847 1326 3886 et
1345 3837 1495 3904 preeuntibus

452 3909 510 3958 Nou
529 3908 601 3966 bello.
623 3920 665 3958 uut
683 3918 733 3959 orte
754 3909 835 3976 aliqua
854 3910 949 3961 milituri
998 3911 1142 3977 denegatum
1152 3911 1242 3972 lucrm
1259 3910 1396 3977 bellumque
1407 3911 1494 3962 Rom·

452 3991 584 4050 equestrem
590 3982 730 4050 dignitatem
736 3993 877 4034 consecutur
884 4001 948 4034 sum:
999 3985 1036 4035 uis
1046 3985 1190 4042 indixerunt.
1202 3985 1266 4053 quod
1280 3986 1405 4035 Marum
1412 3984 1494 4050 adpel-

452 4057 496 4108 red
506 4073 521 4107 u
531 4058 658 4124 majoribus
669 4058 760 4124 occepi,
772 4059 817 4108 dcc.
838 4060 934 4109 Mrem.
998 4059 1070 4117 latur,
1090 4059 1147 4124 quit
1166 4069 1289 4108 moverunt
1304 4059 1390 4124 priore
1407 4058 1495 4107 Murci.

485 4131 643 4197 ¹1.Muntuu.]
668 4131 721 4181 Hoc
731 4131 849 4183 distichon
859 4149 949 4201 ponen-
999 4133 1061 4182 Rem
1078 4132 1112 4182 ric
1127 4141 1223 4182 uerrunt
1232 4133 1323 4189 Strabo,
1334 4131 1376 4181 lib.
1388 4133 1452 4191 v.9;
1469 4143 1495 4181 et

453 4205 510 4255 dum
526 4221 588 4261 cuce,
606 4214 659 4272 pout
678 4222 787 4273 sequeno,
807 4207 880 4262 Quum
900 4217 950 4265 tuu,
998 4205 1074 4256 Diod.
1095 4206 1161 4256 stul.
1182 4207 1240 4256 Eue.
1267 4206 1310 4256 lib.
1332 4207 1425 4265 urvii3
1451 4205 1494 4255 ned

452 4279 566 4328 censebat
575 4280 667 4329 Donzu.
1000 4281 1072 4348 purrlo
1088 4280 1156 4330 ulitur
1173 4280 1281 4332 Velleius
1296 4281 1436 4330 Paterculuu
1449 4280 1494 4328 lib.

485 4353 510 4403 8.
522 4352 623 4419 Peligna
639 4357 706 4404 dicor
716 4357 792 4421 glorio
801 4358 876 4421 gentis
886 4356 947 4422 ego]
999 4355 1024 4405 ii.
1038 4358 1076 4405 15.
1088 4356 1130 4404 uti
1140 4364 1228 4405 motum
1239 4355 1353 4422 prirnoal)
1369 4354 1496 4404 Asculanis

453 4423 492 4472 De
503 4424 608 4490 Peligniu
620 4427 671 4492 J’um
683 4426 795 4486 diximus,
805 4429 836 4478 ud
852 4429 921 4494 Eleg.
932 4428 949 4478 i.
997 4430 1097 4485 bellurn,
1107 4438 1240 4496 susceptum
1250 4429 1337 4478 deinde
1352 4439 1377 4478 et
1392 4439 1495 4496 promc-

452 4494 496 4544 lib.
521 4494 550 4544 ii.
572 4514 671 4563 quorum
697 4500 807 4551 civitaten
832 4502 948 4567 primario
999 4502 1172 4551 tumaruarus
1183 4502 1262 4551 refert.
1296 4502 1387 4551 Am.

452 4568 594 4629 Cominium,
625 4573 761 4625 Muruviuur
788 4585 812 4624 et
837 4575 949 4626 Sulmone
1033 4576 1070 4625 10.
1082 4575 1140 4624 Cum
1157 4576 1232 4624 timuit
1248 4578 1404 4625 securunio
1422 4576 1493 4625 lim
