3600 5925
489 827 554 893 186

785 821 823 885 Ρ.
848 818 1009 886 OVIDII
1034 816 1245 884 NASONIS

491 1000 543 1072 At
559 1022 624 1071 vos
642 1016 813 1070 erronem
830 993 963 1067 tellure
980 991 1159 1066 remittite
1176 1001 1358 1079 nostrum,

542 1110 719 1186 Nisiades
736 1120 888 1195 matres,
909 1106 1163 1204 Nisiadesque
1180 1132 1307 1182 nurus.

492 1227 579 1302 Neu
596 1251 662 1301 vos
679 1225 870 1324 decipiant
885 1223 1034 1297 blandae
1052 1223 1249 1297 mendacia
1265 1224 1415 1320 linguae.
1485 1228 1532 1296 55

541 1343 636 1428 Quae
654 1342 746 1415 dicit
761 1339 882 1425 vobis,
900 1338 1048 1412 dixerat
1066 1348 1153 1412 ante
1169 1339 1274 1411 mihi.

489 1458 549 1531 ‘l'u
559 1482 712 1556 quoque
722 1480 807 1554 quaa
820 1464 967 1529 montes
977 1454 1159 1541 celebras,
1173 1454 1349 1553 Erycina,
1363 1455 1532 1540 Sicanos,

540 1573 660 1670 (Nam
676 1583 743 1645 tna
759 1570 860 1664 sum)
876 1571 953 1643 vati
970 1571 1138 1656 consule,
1158 1569 1267 1657 Diva,
1286 1582 1374 1644 tuae.

491 1688 551 1760 An
569 1687 690 1784 gravis
708 1687 900 1784 inceptum
918 1685 1064 1783 peragit
1082 1684 1248 1760 Fortuna
1264 1697 1443 1772 tenorem,

542 1801 593 1874 Et
609 1812 736 1875 manet
753 1800 792 1873 in
809 1823 921 1873 cursu
938 1823 1088 1897 semper
1104 1802 1242 1876 acerba
1258 1803 1348 1874 suo?

492 1917 571 1991 Sex
588 1916 678 1989 mihi
697 1915 840 1989 natales
858 1914 979 1988 ierant
993 1941 1002 2003 ;
1031 1938 1119 1987 cum
1135 1917 1236 1990 lecta
1252 1917 1416 2014 parentis

540 2032 639 2107 Ante
656 2032 757 2106 diem
774 2032 947 2106 lacrimas
964 2054 1052 2104 ossa
1062 2032 1195 2126 ‚bibere
1213 2056 1329 2106 meas.

1484 1805 1533 1874 60

489 2342 670 2409 repudiandum.
692 2358 747 2392 cum
764 2342 799 2392 ite
816 2342 881 2393 etin
902 2358 987 2392 novem
1069 2345 1112 2393 57.
1125 2340 1422 2408 summissum]
1436 2338 1532 2405 Tuque-

490 2417 612 2466 codicibns
622 2416 686 2482 apud
696 2417 784 2481 virgil.
794 2417 828 2467 iv.
840 2417 895 2467 act.
929 2418 987 2466 Sici·
1036 2434 1133 2481 quequae
1141 2420 1236 2466 smus
1246 2416 1332 2481 legitur
1338 2416 1363 2464 in
1369 2424 1477 2480 utroque,
1486 2430 1534 2479 quu

490 2493 547 2541 lidss
560 2492 640 2548 Mass,
657 2508 717 2557 quos
732 2490 845 2542 Heinsius
861 2491 929 2549 uidit,
945 2507 987 2541 es·
1037 2499 1099 2548 utor,
1112 2492 1181 2549 libro,
1195 2490 1279 2540 Vatia.
1290 2499 1315 2539 et
1324 2489 1396 2538 Mau.
1412 2488 1454 2537 alii
1468 2489 1535 2554 ajunt

489 2575 544 2624 stet,
560 2574 585 2615 et
600 2565 691 2616 Pierius
709 2575 808 2616 testetur
822 2564 848 2615 in
868 2566 987 2633 plerisque
1037 2565 1167 2631 repperisse
1182 2565 1243 2614 sein
1259 2563 1366 2614 aliislib.
1376 2562 1535 2628 scriptisque

490 2640 593 2705 antiquis
602 2638 706 2706 reperiri,
715 2639 773 2689 lieet
783 2640 900 2706 repudiet.
932 2641 988 2688 Non
1037 2650 1121 2689 montes
1135 2642 1241 2697 sabbas,
1256 2640 1303 2688 hc.
1337 2637 1411 2687 Dicta
1424 2636 1533 2700 estl'sy·

490 2722 570 2764 sutem
587 2714 690 2763 voluisse
707 2704 777 2763 medo
795 2708 847 2764 esse
865 2713 988 2762 Sieilidem
1037 2717 1090 2762 sins
1101 2714 1184 2764 Venus
1194 2716 1225 2763 ab
1235 2714 1312 2778 Eryce
1321 2720 1409 2768 moute,
1419 2711 1462 2761 ubi
1470 2710 1534 2759 cole·

489 2786 592 2853 Sappho,
598 2787 640 2836 sed
650 2785 723 2836 etiam
733 2787 779 2836 sibi
789 2785 898 2836 exsilium
908 2786 987 2835 indix-
1037 2788 1122 2837 batur:
1139 2788 1191 2854 qui,
1205 2797 1231 2836 ut
1243 2786 1325 2835 scribit
1337 2784 1452 2849 Polybius
1460 2783 1504 2833 lib.
1513 2785 1533 2835 i.

488 2858 545 2916 isse,
557 2869 582 2909 et
598 2860 681 2910 relicta
696 2860 772 2926 patria
789 2859 874 2907 abiisse
891 2858 987 2908 insici-
1037 2862 1142 2911 omnium
1167 2862 1255 2911 sienis
1285 2859 1408 2916 montium,
1435 2866 1534 2924 except)

489 2933 555 2992 liam,
571 2942 599 2983 ut
613 2933 710 2984 Phaone
724 2948 767 2983 suo
780 2932 826 2982 [rui
841 2939 929 2999 posset,
938 2931 987 2983 Ar·
1038 2938 1120 2996 AEtns,
1131 2936 1258 2987 altissimus
1277 2943 1327 2985 est:
1345 2949 1375 2984 es
1394 2941 1470 3001 parte,
1487 2947 1535 2998 qus

489 3008 576 3058 choute
592 3008 718 3065 Aristode,
735 3007 806 3056 docet
823 3022 866 3055 uus
882 3008 989 3056 Marmor
1037 3011 1133 3061 Italiam
1151 3018 1251 3076 spectat,
1271 3009 1333 3058 iuter
1351 3010 1491 3073 Drepanum
1510 3015 1535 3056 et

488 3082 675 3131 Arundelisnum
690 3082 716 3130 iu
726 3080 832 3146 Epochs.
850 3082 892 3130 37.
906 3096 922 3129 a
936 3081 987 3129 Sel·
1040 3085 1198 3134 Pauormum:
1215 3084 1241 3134 iu
1255 3085 1308 3150 ejus
1319 3083 1407 3132 vertiee
1416 3082 1474 3130 satis
1483 3096 1534 3130 sm·

489 3153 551 3203 deno
566 3154 666 3204 editum.
676 3153 728 3203 sid.
744 3154 850 3202 Marmor
864 3155 943 3203 Oxou.
960 3171 987 3219 p·
1037 3156 1533 3226 plaestplsnicies‚ubiVeue1istemphm

491 3227 545 3276 los.
556 3227 620 3292 quod
630 3226 710 3276 neseio
719 3242 751 3276 sn
761 3227 887 3292 quisquam
903 3235 987 3293 prete·

489 3318 530 3351 rea
540 3300 656 3351 memorius
667 3300 805 3367 prodiderit.
823 3302 914 3351 Buuss.

520 3378 562 3426 54.
581 3376 686 3425 Nisiades
695 3376 858 3440 secumdum]
879 3376 986 3424 Nisiades

488 3450 742 3514 ‹liemrsegarensea
766 3459 791 3500 et
813 3450 929 3499 universe
949 3450 987 3499 Si·

489 3524 560 3581 culn,
581 3534 677 3590 propter
693 3524 813 3574 muditum
831 3526 914 3573 urbem
931 3525 986 3573 Me·

488 3615 547 3662 gara
562 3598 660 3656 Sicilire,
672 3600 703 3648 ab
720 3599 805 3648 incolis
819 3599 907 3649 Attica
923 3599 987 3649 urbis

488 3673 650 3738 Megaeram,
664 3690 718 3739 qua
729 3683 753 3723 et
768 3674 838 3723 Nirea
848 3674 914 3723 dictu
924 3674 986 3723 sati-

487 3747 568 3812 quitus
584 3748 615 3796 ab
628 3764 683 3812 rege
700 3747 766 3797 Niso.
801 3748 985 3807 Nssisdesolisu,

488 3820 552 3870 vela
565 3821 649 3871 Neside
665 3820 744 3871 insula
757 3821 905 3887 Campanis,
917 3823 955 3871 vel
971 3839 987 3871 s

489 3894 560 3944 Nesis
585 3895 680 3960 regione
704 3895 768 3945 circs
790 3897 899 3945 AEtnsm.
932 3896 985 3945 Ali·

489 3977 578 4033 quanto
608 3977 689 4017 tumen
715 3967 859 4034 probabilius
884 3969 911 4017 J.
941 3971 986 4019 Ph.

488 4041 614 4099 d'Oruills,
635 4042 667 4091 ad
691 4040 852 4098 cherucham,
876 4059 903 4107 p.
927 4045 985 4093 541.

489 4114 596 4165 Nesiadss
606 4116 671 4181 apud
681 4116 793 4165 Nostrum
807 4115 884 4165 dictus
893 4116 987 4167 Siculas

408 4232 410 4241 .
488 4189 640 4247 existimavit,
650 4189 715 4254 quod
729 4189 811 4239 Sicilia
824 4190 877 4256 ipss
889 4207 933 4255 per
943 4208 984 4240 ex·

487 4262 624 4311 cellentiam
645 4271 730 4312 vocata
750 4267 829 4325 νῆσος
851 4272 876 4313 et
897 4267 984 4324 νᾶσος.

486 4334 598 4384 Lssrrsr.

520 4409 562 4455 65.
581 4407 629 4456 Nos
647 4425 683 4457 uos
698 4411 812 4473 decipiunt
822 4413 911 4461 hlssds
921 4430 982 4462 men·

488 4480 555 4525 ducis
571 4481 677 4543 lingum]
695 4484 795 4542 cinea,
813 4501 855 4534 cnr
873 4486 986 4535 Phaone

487 4550 573 4599 Siculis
584 4553 721 4606 mulieribus
730 4558 879 4624 recipiendus
889 4576 936 4609 uon
946 4561 984 4610 sit.

489 4626 560 4674 Cios.

1036 3233 1142 3282 omnium
1151 3233 1238 3282 Sicilia
1249 3232 1390 3297 templorum
1401 3232 1471 3296 longe
1480 3230 1534 3297 pnl-

1036 3306 1185 3364 cherrimum,
1199 3306 1316 3372 longeque
1332 3303 1534 3370 opulentissimum

1036 3380 1091 3429 suit.
1108 3381 1247 3430 Crosssus.
1266 3380 1326 3428 Huc
1337 3393 1431 3443 quoque
1440 3393 1456 3425 s
1466 3378 1532 3426 Nau·

1036 3454 1111 3519 geria·
1144 3455 1169 3503 N
1170 3471 1209 3504 sm
1219 3453 1292 3503 nostri
1302 3469 1383 3502 omnes
1393 3454 1487 3500 instita
1496 3451 1533 3499 Si·

1035 3545 1111 3586 essm,
1121 3536 1148 3577 ut
1158 3529 1189 3576 ad
1203 3527 1299 3577 Palioos
1308 3525 1427 3593 respiciet,
1438 3525 1479 3591 qui
1489 3525 1531 3574 bu·

1036 3603 1113 3652 manis
1123 3602 1204 3651 hostiis
1211 3602 1376 3667 placabantur.
1386 3600 1442 3650 vide
1452 3599 1531 3649 Schul.

1035 3677 1095 3726 sua
1104 3676 1182 3724 lbeb.
1193 3676 1236 3724 xii.
1251 3676 1307 3725 156.

1131 3750 1392 3813 -Stcntoquae
1402 3750 1476 3798 tussis

1070 3824 1170 3872 Esomrs
1180 3823 1381 3871 Deos.—

1036 3896 1083 3947 Sed
1104 3906 1200 3963 prestat
1225 3897 1381 3961 Naugerius
1406 3893 1486 3950 lectio,
1505 3901 1533 3941 nt

1036 3972 1100 4036 Eryx
1114 3970 1316 4035 subintelligatur,
1335 3985 1351 4018 ι
1366 3984 1415 4034 quo
1432 3967 1535 4032 Erycina

1035 4044 1088 4093 htec
1098 4043 1145 4093 deu
1154 4043 1220 4093 dicta
1229 4052 1266 4093 est
1277 4041 1366 4091 Poetis.
1398 4041 1532 4088 Ηιιιιιιυι.

1037 4118 1113 4166 Recte
1120 4117 1272 4166 emendatum
1282 4124 1376 4163 suostm
1387 4121 1449 4161 utet
1459 4112 1534 4162 habet

1036 4190 1145 4240 Francos.
1162 4189 1249 4240 codex:
1272 4186 1386 4253 ternplum
1401 4185 1466 4234 enim
1482 4186 1534 4235 Ve-

1035 4262 1098 4313 neris
1113 4263 1221 4329 Erycinae
1235 4262 1260 4310 iu
1275 4270 1354 4308 monte
1369 4257 1471 4324 positum
1479 4276 1487 4318 ;
1505 4266 1533 4307 ut

1035 4337 1149 4386 exhibent
1169 4335 1256 4385 nummi
1277 4343 1376 4389 veteres,
1396 4347 1456 4396 quos
1477 4330 1532 4381 vide

1035 4410 1099 4476 apud
1120 4410 1212 4459 Illustr.
1228 4408 1357 4476 Spanhem.
1375 4406 1480 4455 Dissert.
1497 4405 1530 4453 si.

1035 4502 1091 4550 pag.
1102 4485 1161 4533 577.
1176 4484 1208 4534 de
1223 4483 1358 4551 prestantis
1374 4489 1398 4529 et
1416 4497 1461 4529 usu
1480 4479 1530 4528 Nu·

1035 4559 1113 4607 mism.
1136 4558 1183 4606 ild.
1205 4559 1300 4623 primm
1326 4565 1350 4605 et
1370 4555 1488 4605 Vuillsut.
1506 4554 1530 4602 in

1035 4635 1114 4683 Geute
1125 4632 1247 4682 Considis.
1282 4632 1371 4681 Boas.
