3600 5925
559 844 820 911 HEROIDES.
844 845 915 909 ΕΡ.
933 845 1003 910 ΙΧ.
1241 849 1304 913 111

259 1010 438 1114 Aucupor
455 1014 585 1091 infelix
602 1017 754 1091 incertae
773 1041 964 1092 murmura
980 1018 1111 1092 famae:

310 1129 465 1229 Speque
482 1132 593 1205 timor
610 1131 737 1219 dubia,
757 1156 923 1230 spesque
940 1134 1072 1207 timore
1090 1135 1203 1208 cadit.

260 1240 385 1320 Mater
403 1247 531 1336 abest;
561 1248 806 1346 queriturque
826 1249 909 1323 Deo
927 1251 1114 1348 placuisse
1137 1252 1302 1348 potenti3

309 1359 347 1432 N
349 1385 393 1434 ec
411 1374 518 1462 pater
535 1361 798 1461 Amphitryon,
818 1388 887 1438 nec
906 1389 1000 1463 puer
1017 1364 1156 1464 Hyllus
1174 1367 1295 1441 adest.

257 1469 408 1550 Arbiter
426 1476 663 1575 Eurystheus
680 1478 744 1550 irae
761 1477 921 1552 lunonis
939 1480 1078 1578 iniquae
1254 1486 1303 1556 45

309 1590 479 1667 Sentitur
495 1594 616 1681 nobis,
636 1594 766 1692 iraque
782 1595 897 1692 longa
915 1595 1021 1670 Deae.

262 1701 356 1781 Haec
391 1709 483 1782 mihi
517 1708 630 1819 ferre„
656 1733 790 1807 parurn
824 1721 903 1785 est:
949 1711 1164 1809 peregrinos
1199 1711 1306 1785 addis

312 1820 364 1896 Et
381 1836 500 1898 mater
517 1825 566 1898 de
583 1835 622 1898 te
640 1826 821 1923 quaelibet
837 1850 924 1899 esse
941 1836 1079 1923 potest.
1125 1827 1304 1920 [amoresz

260 1933 299 2008 N
300 1961 349 2011 on
366 1964 437 2037 ego
456 1940 670 2015 Partheniis
688 1951 910 2016 temeratam
927 1940 1086 2014 vallibus
1103 1939 1252 2037 Augen,

310 2051 348 2124 N
350 2078 394 2128 ec
411 2053 569 2129 reseram
587 2066 731 2154 partus,
752 2055 908 2129 Ormeni
927 2054 1107 2153 nympha,
1126 2067 1232 2129 tuos:
1259 2059 1308 2129 50

259 2166 346 2242 Nun
363 2170 432 2244 tibi
450 2172 594 2246 crimen
611 2183 721 2246 erunt
738 2170 987 2245 Theutrantia
1003 2170 1115 2244 turba
1132 2194 1299 2245 sorores:

308 2282 476 2369 Quarum
492 2287 541 2360 de
559 2288 699 2386 populo
715 2287 817 2361 nulla
834 2285 967 2360 relicta
984 2284 1065 2359 tibi.
1085 2368 1090 2377 .

289 2590 390 2644 Pellibus
410 2598 515 2645 irrubuit
535 2599 614 2647 rtrum
631 2613 757 2660 mniumque
806 2594 854 2644 Sed
864 2595 911 2644 hsc
922 2594 952 2642 de
964 2610 988 2642 re
999 2591 1115 2642 videndus
1126 2600 1162 2640 est
1168 2590 1307 2641 Aristoteles

317 2670 408 2728 petiuit.
806 2669 850 2717 lib.
862 2668 890 2717 ii.
909 2667 1073 2716 Rhetoricum.
1090 2666 1227 2717 Crorruus.
1261 2667 1307 2716 Cu-

257 2736 397 2790 Modicinam
413 2744 496 2790 somnio
510 2753 586 2805 petere
601 2741 662 2791 dixit
677 2745 755 2802 Quar-
805 2746 865 2792 dunt
876 2758 938 2791 unus
948 2741 1105 2811 Vaticanus„

256 2809 310 2861 tilla
327 2813 391 2878 apud
402 2814 551 2864 Petronium:
570 2814 613 2864 sed
623 2815 680 2879 quis
695 2833 755 2882 pre·
838 2816 880 2867 43.
899 2815 1000 2878 utum]
1018 2815 1116 2865 Scilicet
1131 2823 1173 2863 tua
1182 2815 1307 2865 Alcmena.

256 2885 329 2934 cessit
341 2889 507 2950 simulacraque
523 2891 605 2937 insuia
622 2893 700 2945 sormi,
715 2906 755 2939 sc·
805 2892 863 2940 Erst
878 2889 943 2940 euim
956 2889 1072 2939 Deianira
1087 2889 1255 2954 inTrachyne‚
1266 2891 1308 2939 ubi

256 2958 354 3024 quiesco
380 2960 540 3012 emendationi
568 2961 712 3021 Heinsianu,
732 2973 757 3013 et
807 2962 915 3028 regnarit
933 2964 1003 3022 Geir,
1021 2960 1117 3028 quando
1136 2960 1229 3027 scripsit
1246 2962 1308 3012 hauc

255 3032 759 3103 intelligodeomiuibuspermugicasscrs
808 3038 942 3103 epistolam.

254 3108 345 3173 petitis.
363 3125 409 3159 uox
421 3109 485 3158 enim
495 3128 582 3160 arcuna
590 3119 635 3169 est,
643 3127 696 3176 que
708 3127 758 3162 mu·
840 3112 883 3159 45.
900 3113 992 3158 Arbiter
1003 3101 1145 3174 Eurystheus
1154 3110 1255 3157 sentitur
1265 3127 1306 3158 no-

255 3181 301 3245 gia
323 3182 477 3248 impenditur.
507 3193 534 3233 ut
554 3184 645 3234 Statius
663 3201 758 3251 quoque
808 3185 849 3241 bis,
867 3183 928 3247 dre]
953 3185 1009 3232 Non
1024 3192 1117 3232 tuntum
1135 3182 1193 3247 quia
1210 3183 1308 3233 Herculi

255 3265 326 3306 voest
336 3273 361 3306 ι.
371 3257 448 3308 Theb.
457 3259 513 3308 360.
522 3275 595 3324 quam
602 3258 758 3309 Valer.l'lac.
807 3256 902 3307 labores
917 3258 1057 3322 imperabat,
1066 3258 1109 3306 sed
1127 3257 1220 3322 etquis
1234 3265 1308 3308 totam

256 3328 362 3381 vitias.
380 3348 468 3380 marn
483 3331 617 3383 diritvid.
632 3332 756 3382 aanler.
807 3332 860 3396 ejus
880 3329 996 3380 familiam
1020 3332 1212 3395 persequebatur.
1244 3332 1309 3382 Hinc

255 3403 322 3454 nse.
334 3405 368 3454 ri.
385 3407 444 3455 itt.
465 3416 580 3472 preterea
597 3407 711 3457 Heinsius
726 3407 758 3456 ad
807 3403 926 3468 estquod
937 3402 1053 3452 aliosnlio
1063 3402 1178 3470 dispersos
1188 3413 1213 3453 et
1223 3404 1308 3471 disjec-

255 3477 308 3527 xiii.
321 3479 426 3527 Metam.
438 3481 496 3528 titt.
513 3479 553 3527 bie
568 3491 666 3537 mourut,
676 3482 717 3545 (nt
733 3490 758 3529 et
806 3476 923 3527 toedicit.
956 3477 1052 3525 Mrcrr..

254 3551 391 3615 conjecerat
399 3550 621 3614 Slicbteuhorstius)
630 3552 758 3615 legendum
840 3552 881 3600 46.
893 3551 1021 3615 Stultum]
1034 3551 1125 3601 Efficax
1136 3554 1244 3601 verbum.
1256 3551 1306 3601 rid.

255 3639 309 3673 esse
320 3621 452 3673 mutendit.
470 3623 534 3688 quod
550 3640 594 3688 ego
604 3624 758 3674 sollicitudini
807 3624 838 3674 ad
848 3625 946 3674 Petron.
958 3641 1013 3691 cap.
1026 3626 1081 3674 1³9.

253 3696 416 3763 etjactstioni
425 3698 551 3748 convenire
562 3697 757 3763 minusputu,sc
839 3698 924 3763 iraque
949 3701 1018 3764 bmgn
1040 3699 1095 3747 Dec
1118 3698 1170 3760 est]
1198 3697 1238 3746 Sic
1265 3696 1309 3746 uli-

253 3781 351 3828 mur,
370 3771 435 3835 quud
451 3778 488 3821 est
505 3772 609 3829 turbant,
626 3780 651 3819 et
663 3780 758 3820 vexant.
806 3773 912 3823 hiidem
930 3774 1018 3822 Poeta:
1036 3774 1075 3820 An
1090 3775 1162 3820 nexis
1179 3773 1257 3835 longas
1272 3787 1309 3819 rr·

253 3844 403 3911 pretereain
415 3844 550 3894 nullohbro
560 3853 650 3893 mount
665 3854 758 3893 exstare
806 3848 872 3911 gibus
890 3863 934 3895 me
948 3847 1046 3894 muru?
1063 3860 1088 3910 q.
1100 3843 1126 3892 d.
1144 3843 1219 3908 ipsam
1234 3843 1308 3892 June·

254 3917 411 3985 deprehendi.
446 3917 570 3984 Crispinus
586 3916 758 3983 bicsibiegre-
807 3934 862 3967 nem
880 3918 954 3967 etism
973 3926 1042 3966 extra
1059 3914 1186 3981 Eurysthei
1210 3931 1310 3979 regnum

255 3990 294 4057 gie
309 3991 451 4058 piscet,qui
470 3991 575 4057 explicat
588 3993 670 4052 petits,
686 4006 756 4040 exco-
807 3992 917 4057 persequi
927 3991 1000 4057 ipsus.
1033 3991 1095 4040 Sunt
1105 3999 1193 4046 umen,
1202 3989 1244 4054 qui
1254 3989 1310 4039 scri·

255 4065 338 4129 giuts,
349 4075 375 4114 et
384 4068 467 4121 umbra,
478 4063 561 4113 inanes
572 4080 602 4112 ex
613 4062 758 4130 quibuslibet
806 4065 875 4122 baut,
894 4067 965 4121 lenta,
981 4079 1024 4129 pro
1042 4064 1126 4127 longa:
1150 4070 1176 4110 ut
1193 4062 1232 4119 sit.
1249 4064 1311 4111 bruta

255 4140 325 4188 rebus
342 4145 470 4203 conceptas
490 4152 533 4203 per
553 4146 648 4185 noctem
666 4137 756 4201 cogita·
807 4135 1128 4202 iradictumprodiutnrna.
1160 4135 1256 4185 Mrcrn.

257 4211 340 4270 hona,
347 4219 411 4261 uter
421 4211 490 4261 sbsci
500 4210 600 4276 crepitu,
608 4210 656 4259 dic.
669 4211 757 4259 Burri.
841 4210 881 4257 48.
900 4209 979 4256 Mater
991 4207 1118 4272 qualum]
1137 4207 1241 4258 Imitstio
1252 4209 1309 4259 Pro—

288 4287 330 4334 42.
347 4285 432 4348 Speque
447 4288 515 4333 tim
532 4285 710 4347 dubiuspcsqus
725 4287 757 4332 ti·
808 4281 894 4348 pertii:

256 4358 412 4422 waradin]
431 4357 504 4407 Seite.
539 4357 604 4406 Nam
620 4357 687 4406 nulla
702 4373 758 4424 spes
842 4355 1307 4420 Etdrmepoierstquilibctaesuloquar.

258 4431 353 4480 atrine
365 4431 547 4487 timomachus
556 4431 626 4481 timor
641 4431 754 4498 sinespe.
1174 4431 1274 4480 Douzs.

258 4503 292 4552 sic
302 4504 362 4553 libro
372 4513 396 4553 et
405 4504 484 4570 elegia
493 4504 512 4553 i.
522 4505 647 4554 Tristiunr:
839 4505 881 4554 51.
900 4504 1054 4553 lbeutrumu
1065 4505 1156 4569 turbu]
1173 4506 1229 4554 Nou
1241 4506 1308 4555 lber·

292 4577 354 4628 Nun
373 4595 420 4642 sper
437 4587 470 4628 stt
490 4582 564 4628 anime
584 4589 661 4630 narba
678 4581 757 4631 timore
807 4580 869 4636 titia,
892 4588 934 4628 aut
958 4579 1075 4641 lberpt'cs'u
1101 4579 1230 4645 legendum
1250 4595 1311 4637 esse,

323 4653 406 4702 minor.
807 4652 864 4703 lacit
875 4669 931 4705 curn
946 4652 1005 4704 illud
1016 4653 1159 4706 ePulitiano
1175 4654 1308 4709 inventum,
