3600 5925
477 737 543 803 auu
773 737 813 800 P.
836 735 999 802 ovlull
1025 736 1236 803 NASONIS

478 909 554 983 Pro
571 910 710 1007 quibus
726 909 858 982 officiis
876 910 1038 1007 pretium
1056 910 1147 983 mihi
1164 912 1277 987 dulce
1296 918 1470 1014 repende,

527 1026 766 1100 Concubitus
782 1026 908 1111 hodie,
927 1025 1034 1100 fusca
1051 1026 1229 1125 Cypassi,
1247 1039 1346 1104 tuos.

477 1140 578 1225 Quid
596 1142 735 1227 renuis,
754 1141 941 1239 fingisque
959 1166 1086 1227 uovoS,
1106 1142 1262 1239 ingrata,
1282 1145 1458 1221 timores?

528 1256 655 1330 Unum
673 1269 733 1332 est
747 1281 770 1331 e
786 1258 948 1332 dominis
965 1259 1171 1334 emeruisse
1188 1261 1293 1335 satis.

476 1372 588 1457 Quod
606 1373 767 1447 sistulta
783 1397 911 1470 negas,
931 1375 1046 1449 index
1063 1387 1239 1451 anteacta
1254 1377 1424 1467 fatebor;
1469 1386 1517 1455 25

526 1486 577 1562 Et
593 1488 739 1563 veniam
756 1488 879 1587 culpae
897 1490 1064 1587 proditor
1081 1491 1162 1591 ipse
1179 1517 1286 1568 meae.

476 1602 638 1701 Quoque
655 1603 739 1677 loeo
754 1614 882 1678 tecum
898 1604 1044 1691 fuerim,
1064 1609 1304 1705 quotiesque,
1325 1608 1501 1709 Cypassi,

527 1718 697 1794 Narrabo
713 1719 886 1805 domine,
906 1732 1075 1817 quotque
1094 1724 1307 1822 quibusque
1325 1726 1458 1801 modis.

832 2055 1059 2129 annom
1094 2056 1164 2133 rx.
1217 2026 1220 2033 ’

478 2214 512 2286 Ο
532 2233 736 2310 numquam
753 2231 819 2307 pro
837 2230 897 2280 me
917 2207 1008 2280 satis
1025 2189 1217 2305 indignate
1235 2210 1399 2311 Cupido,

527 2330 561 2402 Ο
581 2330 618 2402 in
635 2324 748 2401 corde
765 2346 849 2396 meo
866 2321 1054 2395 desidiose
1073 2325 1184 2420 puer!

476 2447 577 2533 Quid
595 2468 667 2530 me,
686 2441 751 2540 qui
769 2439 876 2513 miles
894 2462 1087 2536 nunquam
1105 2451 1171 2513 tua
1187 2441 1295 2539 sigua
1312 2445 1457 2544 reliqui,

525 2559 674 2636 Loedisl
700 2556 793 2633 etin
811 2556 944 2630 castris
961 2555 1133 2629 vulneror
1150 2558 1232 2656 ipse
1250 2560 1369 2634 meis?

477 2680 556 2754 Cur
572 2690 638 2752 tua
653 2674 717 2749 sax
734 2673 820 2760 urit,
838 2672 921 2769 figit
937 2682 1025 2744 tuus
1042 2697 1151 2747 arcus
1169 2678 1335 2750 amicos?
1492 2685 1514 2753 5

525 2793 655 2869 Gloria
670 2799 881 2892 pugnantes
898 2789 1046 2895 vincere
1064 2793 1184 2889 major
1201 2803 1292 2867 erat.

476 2911 598 3000 Quid?
616 2934 691 2984 uon
708 2905 940 2992 Haemonius,
960 2929 1072 3004 quem
1090 2910 1247 3010 cuspide
1263 2911 1435 3010 perculit,
1452 2912 1513 2986 he·

527 3026 750 3103 Confossum
768 3022 916 3098 medica
934 3024 1132 3120 postmodo
1145 3025 1243 3122 juvit
1258 3027 1357 3124 ope?
1438 3030 1514 3124 [ros

473 3272 542 3329 rexit,
556 3269 607 3336 jam
620 3268 704 3317 Doara
720 3265 875 3316 adnotaverat
889 3264 969 3329 legen·
1020 3264 1045 3313 id
1056 3276 1100 3322 est,
1110 3276 1249 3316 cessantem.
1275 3266 1362 3316 Restat
1372 3283 1436 3317 nunc
1446 3284 1514 3318 exeu-

474 3344 540 3401 dum,
551 3353 575 3393 et
591 3340 726 3409 explicabat
741 3355 783 3407 per
796 3339 969 3394 minutim·
1020 3337 1133 3396 tiendum,
1144 3355 1174 3388 an
1191 3339 1278 3389 locutio
1295 3340 1346 3389 laec
1361 3358 1403 3404 pro
1419 3360 1460 3398 m,
1470 3359 1515 3407 quo

473 3418 535 3466 eolis.
1019 3410 1122 3461 diximus
1137 3428 1215 3471 sensu,
1227 3413 1302 3462 latina
1318 3423 1386 3463 sonet
1402 3414 1514 3480 legitime

505 3492 548 3540 2⁴.
568 3489 645 3538 Unum
662 3497 693 3537 art
712 3504 724 3536 r
742 3489 836 3535 dominis
855 3488 971 3534 emeruisse
1020 3485 1071 3550 Ego
1090 3486 1125 3535 sie
1146 3486 1308 3553 accipiendam
1330 3487 1429 3553 judico:
1455 3506 1511 3538 nun·

473 3564 548 3629 rolla]
567 3564 647 3622 Quum
663 3561 723 3611 duos
741 3559 829 3609 habeat
847 3558 969 3625 Cypassis,
1020 3575 1092 3624 quam
1102 3564 1156 3610 ntis
1171 3564 1300 3627 indignate,
1317 3562 1358 3611 ubi
1375 3565 1405 3612 de
1420 3582 1454 3612 ne
1465 3567 1513 3628 agi·

475 3639 516 3707 qui
526 3636 572 3689 sibi
581 3637 704 3704 imperent,
711 3634 837 3685 Coriumm
844 3633 936 3683 scilieet
945 3643 971 3683 et
1020 3644 1067 3691 tur,
1076 3650 1146 3699 quem
1157 3634 1251 3685 unicam
1263 3636 1305 3684 tibi
1316 3636 1422 3702 predam
1431 3637 1515 3686 videris

475 3713 597 3769 Ovidium,
607 3714 661 3760 rutis
673 3709 708 3760 illi
724 3708 755 3759 sit
765 3726 837 3757 unum
853 3725 867 3758 e
878 3707 971 3758 duobus
1020 3707 1165 3769 vindicasse5
1182 3709 1219 3759 vel
1226 3726 1318 3771 mone,
1329 3709 1408 3766 idest,
1417 3711 1513 3775 proiltr,

474 3788 602 3854 <Ovidium
627 3785 700 3848 dicit)
719 3785 763 3835 sibi
789 3783 970 3834 conciliasse-
1020 3784 1247 3849 queadamandum
1255 3784 1365 3850 propellit
1373 3785 1512 3843 melarido.

477 3866 635 3920 Proneraim,
646 3861 793 3911 Fraueol'trrt.
804 3858 843 3909 eui
853 3858 970 3908 accedunt
1020 3861 1081 3917 Quo
1091 3867 1221 3923 sequuntur
1231 3857 1281 3906 fuse
1288 3856 1346 3907 satis
1355 3859 1481 3924 exprimi.

475 3938 563 3989 Moreti
577 3947 602 3987 et
619 3937 708 3986 Douau
723 3933 832 3992 codices,
847 3940 872 3982 et
886 3932 968 3981 lectio·
1038 3932 1077 3980 ’7.
1107 3930 1230 3995 Perculit]
1257 3931 1356 3988 Indixit,
1378 3932 1409 3980 ad
1431 3941 1513 3980 unam

475 4028 528 4062 uem
539 4009 753 4062 tuenturMaerob.
769 4009 864 4057 Satura.
875 4006 902 4056 ii.
913 4007 935 4055 7.
947 4015 971 4055 et
1019 4006 1109 4071 adegit.
1143 4006 1232 4055 Notum
1248 4013 1329 4055 autem
1340 4005 1516 4072 est'l'elephiet

474 4083 692 4150 Suetindupiii.
725 4082 814 4131 Aura.
1021 4080 1122 4130 Achillis
1136 4090 1264 4130 certamen.
1298 4081 1367 4138 Quod
1386 4089 1464 4128 autem
1482 4096 1513 4128 ex

675 4184 771 4196 —
1021 4153 1097 4203 Plinio
1107 4154 1212 4203 dictum
1221 4170 1272 4203 sum
1289 4169 1333 4202 uon
1342 4151 1448 4202 omuibus
1459 4168 1515 4217 per·

509 4234 530 4281 l.
542 4234 687 4299 Ononquun
695 4249 780 4297 prom
790 4230 970 4294 utlr‚&c.]1u·
1020 4228 1084 4278 rium
1095 4238 1139 4278 est.
1157 4228 1178 4277 is
1187 4228 1258 4293 igitur
1272 4225 1433 4276 hoesubtilius
1447 4242 1514 4292 que·

474 4305 567 4357 vehitur
577 4308 603 4358 iu
613 4308 755 4376 Cupidinem
762 4317 840 4375 poeta,
847 4306 888 4371 qui
897 4321 971 4354 unum
1020 4303 1127 4352 remita
1147 4303 1228 4352 sen'bit
1247 4301 1360 4367 (loquitur
1380 4300 1444 4350 enim
1465 4317 1515 4366 quo

474 4395 499 4428 se
516 4380 571 4429 telis
589 4382 637 4431 auia
657 4382 794 4448 petendum,
812 4398 860 4449 pre
881 4379 973 4430 ceteris
1021 4377 1089 4427 modo
1097 4374 1351 4441 abAchilleTelepbm
1358 4375 1513 4424 mnume-

474 4450 595 4515 aelegerit:
612 4470 705 4504 summa
713 4455 764 4504 hee
772 4454 843 4506 totius
851 4454 970 4504 carminis.
1020 4452 1065 4514 rit)
1077 4467 1133 4518 cap.
1145 4468 1184 4500 xv.
1196 4450 1239 4500 lib.
1250 4449 1330 4500 xxxiv.
1365 4449 1436 4498 Fater
1453 4451 1516 4497 nbi·

474 4525 532 4574 Jure
542 4523 613 4589 igitur
622 4543 742 4595 uunquam
752 4527 809 4577 satis
825 4532 970 4594 indignatum
1019 4545 1047 4592 go
1057 4529 1103 4591 ipro
1112 4529 1137 4575 ia
1144 4528 1252 4582 remediis,
1260 4536 1281 4574 et
1290 4528 1323 4574 sle
1332 4524 1452 4589 Telepha-
1460 4541 1511 4587 pru·

474 4596 970 4658 laudiciamautoramentum»...
1020 4606 1085 4651 ditur
1104 4617 1191 4649 sonasse
1208 4601 1316 4655 Achillea,
1337 4603 1382 4648 aire
1401 4602 1427 4647 ia
1447 4614 1510 4654 ern.
