3600 5925
413 801 417 806 ’
512 823 771 890 nanclars.
795 823 866 900 nr.
886 823 997 898 xm.
1213 829 1278 893 ras

235 998 285 1074 Et
301 1000 415 1074 facito
432 999 550 1084 dicas,
569 997 718 1093 quoties
734 1013 904 1094 pugnare
921 995 1083 1093 parabis,

285 1116 447 1190 Parcere
464 1138 526 1187 me
538 1112 654 1210 jussit
671 1110 875 1186 Laodamia
891 1111 976 1184 sibi.
1228 1121 1277 1189 70

235 1231 277 1303 Si
295 1231 430 1305 cadere
447 1228 623 1326 Argolico
640 1225 695 1300 sas
713 1236 772 1299 est
788 1227 859 1299 sub
876 1227 994 1300 milite
1011 1225 1175 1325 Trojam,
1279 1241 1282 1248 “

283 1344 339 1420 Te
357 1368 509 1443 quoque
527 1365 601 1417 non
618 1341 735 1415 ullum
752 1341 884 1414 vulnus
905 1342 1080 1431 habente,
1099 1346 1223 1420 cadat.

235 1460 397 1557 Pugnet,
416 1470 456 1533 et
472 1458 648 1532 adversos
666 1455 795 1529 tendat
812 1455 1010 1532 Menelaus
1028 1461 1067 1533 in
1085 1461 1234 1536 hostes:
1333 1529 1336 1534 ,

285 1576 340 1650 Ut
356 1577 479 1676 rapiat
495 1573 635 1659 Paridi,
655 1594 769 1670 quam
787 1571 895 1646 Paris
913 1585 1000 1648 ante
1018 1576 1102 1649 sibi.

237 1692 376 1781 lrruat;
397 1703 437 1767 et
452 1714 588 1765 caussa
604 1712 719 1786 quem
736 1687 863 1775 vincit,
877 1688 1003 1762 vincat
1020 1701 1059 1764 ct
1075 1693 1199 1766 armis.
1228 1698 1275 1765 75

286 1807 471 1883 Hostibus
489 1832 511 1882 e
528 1806 661 1880 mediis
680 1815 799 1904 nupta
815 1804 982 1902 petenda
997 1807 1075 1880 viro
1093 1820 1163 1882 est.

237 1922 386 1999 Caussa
401 1934 467 1997 tua
483 1934 542 1996 est
557 1921 697 2019 dispar.
717 1930 758 1992 tu
775 1929 922 1992 tantum
939 1921 1063 1996 vivere
1080 1947 1218 2021 pugna,

287 2039 407 2137 Inque
424 2039 507 2138 pios
525 2038 685 2113 dominre
704 2059 817 2134 posse
834 2035 956 2110 redire
973 2037 1090 2111 sinus.

236 2151 398 2240 Parcite,
419 2153 658 2238 Dardanidae,
677 2152 726 2225 de
744 2162 800 2225 tot
817 2152 985 2249 (precor)
1003 2154 1173 2229 hostibus
1191 2158 1276 2231 uni:

285 2270 321 2342 N
324 2295 345 2344 e
362 2296 469 2345 meus
487 2295 535 2344 ex
553 2271 616 2343 illo
633 2291 789 2367 corpore
806 2268 960 2364 sanguis
978 2279 1051 2342 eat.
1222 2278 1278 2345 80

237 2386 323 2460 Non
340 2398 410 2474 est,
428 2411 543 2484 quem
560 2387 695 2461 deceat
712 2384 812 2457 nudo
829 2407 1052 2458 concurrere
1068 2383 1175 2471 ferro,

287 2501 470 2599 Saevaque
488 2503 526 2575 in
543 2502 736 2601 oppositos
754 2508 910 2596 pectora
925 2497 1020 2573 serre
1037 2500 1145 2574 viros.

239 2615 385 2691 Fortius
402 2618 464 2692 ilie
482 2628 609 2716 potest
625 2616 756 2701 multo,
776 2639 894 2712 quum
912 2627 1056 2714 pugnat
1071 2640 1208 2692 amore.

288 2734 398 2808 Bella
414 2744 546 2831 gerant
562 2734 645 2822 aiii3
675 2732 906 2806 Protesilaus
923 2743 1035 2807 amet.

237 2851 273 2924 N
278 2873 351 2924 unc
369 2850 507 2938 sate0r3
535 2851 633 2923 volui
652 2872 845 2936 revocare3
874 2850 1097 2946 animusque
1114 2850 1274 2937 ferebam

289 2967 467 3041 Substitit
482 2967 641 3065 auspicii
659 2966 786 3063 lingua
800 2966 933 3041 timore
951 2967 1052 3041 mali.
1229 2973 1276 3042 86

267 3171 309 3218 69.
328 3169 443 3235 Etsacr'to
455 3168 540 3232 dicon]
558 3168 731 3223 Gronovianur,
814 3169 856 3216 74,
876 3168 909 3217 Ut
919 3170 1017 3233 rapiat]
1030 3169 1076 3218 Hic
1086 3185 1167 3218 versus
1177 3184 1232 3217 curn
1241 3185 1277 3218 se·

225 3245 306 3309 serito
320 3246 391 3300 duur,
407 3259 449 3309 pro
457 3243 536 3309 facito
552 3253 578 3291 ut
594 3245 665 3292 ὀίεαι.
690 3257 730 3291 ve·
781 3243 863 3308 quenti
880 3244 967 3292 absum
987 3259 1002 3291 a
1019 3242 1140 3292 Ibrteaneo
1157 3251 1182 3292 et
1200 3244 1276 3292 Iova-

234 3328 314 3368 nustc.
330 3317 463 3367 Heinsius·
496 3316 581 3366 Sibnc
591 3315 732 3380 prediceret
781 3315 866 3364 aiensi.
884 3327 942 3365 nunt
959 3325 1039 3366 tamen
1049 3316 1171 3374 Ovidiaui,
1183 3320 1203 3367 si
1219 3319 1276 3383 quid

233 3391 331 3458 publice
342 3390 493 3446 Protesilaus,
500 3399 527 3439 ut
536 3390 637 3454 ignavus
644 3399 669 3439 et
677 3405 731 3454 seg-
782 3387 860 3446 video,
867 3387 968 3438 offendit
977 3388 1074 3440 somne
1084 3390 1199 3441 delirans
1209 3408 1278 3442 aures

234 3463 429 3528 nieebtliisjure
437 3473 581 3527 argueretur.
592 3464 730 3530 fortescrip-
780 3465 914 3530 rdribipro
924 3466 961 3513 illi
972 3464 1082 3531 positum.
1110 3465 1186 3529 Atqui
1196 3467 1229 3515 sic
1240 3482 1276 3516 so·

232 3538 338 3593 attinet
349 3537 473 3592 recitaret
484 3539 637 3593 tacitadirrr.
653 3537 687 3587 ite
697 3555 730 3588 re-
780 3537 831 3588 lent
861 3539 957 3605 optimae
985 3539 1120 3589 Iatinitetis
1151 3539 1277 3590 ductores.

230 3630 287 3662 eom
306 3613 376 3673 toqui,
386 3617 411 3658 et
428 3609 515 3659 similia
531 3611 610 3661 obvie.
626 3613 646 3661 ri
662 3616 731 3661 tacito
780 3612 888 3663 Mucio.
899 3613 979 3664 isba.
989 3613 1071 3680 Epigr.
1081 3616 1123 3662 88.

231 3703 277 3753 pro
288 3687 358 3733 tactu
369 3683 659 3742 imminuerentur}
670 3703 731 3751 prar-
809 3687 910 3754 Profecit
914 3699 967 3752 poto
973 3689 1120 3737 Mithridates
1125 3704 1180 3748 repe
1186 3705 1277 3743 mun,

231 3762 329 3810 finem.
346 3758 389 3815 itt,
405 3761 515 3823 tacitoque
530 3762 555 3807 in
568 3771 656 3823 pectore
673 3763 730 3818 diri,
846 3762 929 3814 Taeter
939 3780 967 3813 ns
977 3774 1130 3826 pwentoevu
1140 3778 1218 3809 noem
1227 3764 1277 3810 ribi.

233 3850 289 3883 mox
307 3832 566 3882 rer.89.eti.Amor.
584 3836 627 3883 2³.
651 3832 731 3883 Tacita
1156 3834 1245 3883 Herus.

232 3919 308 3957 mu
320 3912 394 3971 queri.
411 3907 532 3973 proferunt
548 3906 645 3970 quidem
660 3907 731 3956 Iaexi·
813 3910 854 3958 76.
873 3908 1057 3971 fluitantem]
1085 3907 1141 3956 Post
1151 3908 1214 3956 bunc
1225 3924 1276 3957 ver·

232 3982 345 4047 oogrnpbi
362 3998 392 4030 cr
413 3981 494 4031 OEcer.
515 3996 559 4046 pro
573 3980 671 4037 Quinct.
692 3982 730 4030 15.
780 3998 833 4030 surn
844 3982 867 4031 in
878 3982 1008 4032 Oroniensi
1019 3981 1070 4030 boec
1081 3981 1232 4045 legebantur:

235 4056 301 4105 Huic
311 4074 340 4105 ne
348 4059 424 4118 perire
439 4058 530 4119 quidem
546 4057 616 4101 tacito
630 4055 731 4102 obscure·
814 4055 892 4105 Hortis
899 4067 922 4104 et
933 4059 1027 4104 inuadat
1035 4057 1145 4103 thalamos
1153 4055 1276 4103 Helenam·

232 4148 278 4194 qu
291 4133 428 4179 miror.
444 4126 539 4178 sedulii
554 4127 680 4176 ediderunt
696 4138 731 4176 tu·
844 4146 887 4191 que
894 4132 997 4184 rederent,

232 4208 289 4253 cite.
301 4203 360 4253 etii.
377 4204 497 4253 Van-73.
517 4203 731 4265 Vorjarnmrtucito
813 4201 899 4252 Ictibus
917 4205 1016 4251 advntu
1028 4211 1104 4264 perot
1121 4218 1163 4250 rua
1181 4220 1276 4252 munem

231 4281 375 4344 imttigaern.
392 4279 435 4327 sed
445 4277 479 4326 ibi
490 4286 526 4327 est
542 4276 730 4327 abtauvuraro
836 4277 919 4342 sortis.
970 4278 973 4282 ’

229 4354 301 4400 citas.
332 4353 421 4400 Bnnrr.
780 4350 867 4399 Inelio
877 4349 980 4399 Mureti:

270 4426 379 4491 Pugnare
403 4425 517 4489 parabis]
546 4425 638 4475 Baliare
667 4427 729 4475 Scri·
812 4424 899 4474 letibus
914 4427 1013 4473 aduersis
1028 4436 1104 4488 pooeot
1120 4443 1162 4474 rua
1180 4440 1275 4473 mum

231 4498 351 4548 verianus
377 4498 489 4563 frequens
505 4515 534 4547 ca
554 4515 599 4548 vox
620 4499 688 4549 Liuio
705 4510 731 4550 et
866 4498 949 4564 fortir,

230 4573 319 4629 Statio,
329 4583 354 4621 et
362 4573 433 4621 ctiam
444 4572 562 4622 Ciceroni.
580 4573 614 4622 sic
625 4583 650 4623 ct
660 4578 729 4624 rebri-
845 4573 953 4621 Hostibus
967 4591 980 4622 e
999 4578 1076 4623 mediis
1091 4584 1163 4637 nupto
1177 4578 1275 4637 patendo

231 4646 449 4697 tuebimini-ix.
460 4647 506 4712 Ep.
517 4647 543 4695 ii.
577 4648 666 4698 Herus.
875 4651 976 4698 onom.
