3600 5925
430 723 495 788 212
725 725 764 789 Ρ.
788 722 949 788 OVIDII
974 722 1185 790 NASONIS

434 896 468 968 Ο
489 896 636 993 quoties
653 895 770 981 dices,
790 896 914 980 Quam
932 859 1083 995 pauper·
1094 895 1240 970 Achaia
1256 908 1380 973 nostra
1396 900 1473 974 esti

484 1009 572 1082 Una
587 1010 721 1083 domus
739 1011 890 1107 quasvis
909 1012 1011 1084 urbis
1030 1012 1185 1085 habebit
1202 1037 1307 1112 opes,
1402 1020 1472 1089 186

324 1135 341 1150 ⁸
434 1123 517 1197 Nec
534 1124 625 1197 mihi
642 1124 698 1198 fas
715 1124 827 1198 fuerit
844 1125 1007 1223 Sparten
1025 1136 1264 1202 contemnere
1281 1141 1454 1203 vestram.

483 1240 529 1313 In
547 1265 630 1339 qua·
640 1251 681 1313 tu
700 1250 788 1314 nata
805 1266 859 1327 ee,
873 1252 973 1314 terra
989 1242 1102 1314 beata
1118 1242 1209 1315 mihi
1227 1256 1297 1317 est.

434 1355 556 1429 Parca
572 1356 640 1430 sed
658 1367 718 1429 est
737 1356 894 1453 Sparte:
924 1367 965 1428 tu
982 1356 1087 1429 cultu
1105 1356 1219 1430 divite
1235 1357 1352 1455 digna
1367 1383 1420 1432 es.

482 1473 543 1545 Ad
561 1473 674 1546 talem
692 1472 848 1545 formam
867 1495 942 1544 non
960 1470 1051 1544 facit
1067 1471 1138 1544 iste
1156 1471 1273 1546 locus.
1403 1478 1473 1547 190

433 1587 543 1660 Hanc
561 1587 695 1661 faciem
713 1588 825 1683 largis
844 1588 925 1660 sine
942 1587 1016 1660 fine
1034 1588 1226 1685 paratibus
1244 1589 1311 1674 uti,

485 1702 718 1800 Deliciisque
735 1704 848 1776 decet
863 1703 1052 1777 luxuriare
1069 1705 1186 1778 novis.

434 1820 534 1892 Cum
550 1819 680 1891 videas
698 1819 841 1891 cultum
859 1829 987 1892 nostra
1002 1820 1051 1894 de
1068 1829 1181 1916 gente
1197 1821 1379 1908 virorum3

483 1933 643 2019 Qualem
663 1934 899 2008 Dardanidas
918 1937 1040 2009 credis
1057 1937 1195 2010 habere
1212 1938 1352 2009 nurus?

435 2051 496 2124 Da
512 2050 623 2123 modo
640 2060 679 2123 te
696 2049 862 2123 facilem:
883 2073 954 2123 nec
969 2050 1173 2146 dedignare
1190 2052 1375 2136 maritum,
1404 2053 1474 2124 195

484 2165 588 2238 Rure
606 2163 838 2263 Therapnaeo
857 2175 945 2238 nata
962 2166 1099 2262 puella,
1119 2165 1323 2263 Phrygem.

433 2280 566 2378 Phryx
593 2290 685 2365 erat,
711 2290 750 2353 et
776 2293 903 2353 nostro
931 2281 1079 2376 genitus
1106 2281 1155 2354 de
1170 2282 1377 2377 sanguine,
1407 2278 1474 2376 qui

485 2396 584 2468 Cum
599 2396 668 2468 Dis
687 2396 872 2494 potandas
891 2407 1042 2470 nectare
1056 2397 1190 2469 miscet
1207 2419 1337 2492 aquas.
1358 2396 1473 2490 [nuuc

434 2511 565 2609 Phryx
584 2520 664 2584 erat
681 2511 836 2592 Aurorae
854 2515 1007 2610 conjux.
1030 2522 1156 2586 tamen
1173 2512 1328 2586 abstulit
1344 2511 1448 2583 illum

484 2622 706 2699 Extremum
724 2626 843 2698 noctis
863 2650 948 2722 quae
968 2626 1052 2699 Dea
1067 2626 1149 2701 finit
1167 2628 1247 2700 iter.
1398 2628 1473 2697 200

434 2740 566 2838 Phryx
584 2741 698 2814 etiam
716 2740 914 2826 Anchises,
933 2741 1126 2814 volucrum
1143 2743 1203 2815 cui
1223 2751 1341 2813 mater
1358 2740 1473 2811 Amo·

484 2855 636 2929 Gaudet
653 2856 690 2927 in
709 2854 821 2928 ldaeis
839 2858 1089 2931 concubuisse
1101 2858 1216 2955 jugis.
1374 2857 1473 2950 [rum

435 2969 529 3056 Nec,
549 2982 653 3067 puto,
672 2971 817 3043 collatis
835 2971 953 3044 forma
971 2971 1168 3047 Menelaus
1187 2985 1225 3047 et
1241 2973 1360 3056 annis,

481 3084 506 3155 J
509 3086 617 3158 udice
636 3096 686 3171 te,
705 3087 813 3159 nobis
832 3087 1094 3161 anteferendus
1112 3090 1193 3163 erit.

467 3270 522 3318 lae.
542 3269 563 3316 0
574 3268 678 3331 mica]
690 3271 728 3318 Ah
737 3273 830 3333 pumirs,
847 3270 930 3319 Oxou·
978 3271 1085 3335 pluribus
1093 3281 1193 3321 constat.
1211 3271 1293 3337 qualia
1303 3288 1332 3319 ex
1343 3268 1416 3318 Suida
1424 3268 1474 3318 col·

431 3342 512 3392 iensis.
537 3342 587 3390 vid.
609 3343 687 3407 Epist.
709 3343 742 3402 ir.
764 3345 805 3393 79.
833 3355 857 3393 et
875 3344 929 3393 infr.
978 3344 1037 3407 legit
1052 3346 1163 3394 Schottus
1178 3345 1375 3396 Centnmiun.
1391 3345 1432 3393 45.
1449 3351 1475 3391 et

431 3431 493 3465 vers.
510 3418 569 3466 939.
591 3417 649 3464 241.
671 3425 696 3465 et
713 3418 790 3483 Epist.
812 3418 870 3467 xvii.
888 3420 928 3466 al.
979 3419 1020 3466 16.
1032 3428 1056 3467 et
1066 3418 1203 3483 Apostolius
1219 3419 1319 3467 Centur.
1330 3434 1372 3466 ιι.
1389 3418 1431 3465 36.
1447 3423 1474 3463 ee

431 3490 535 3539 Metam.
549 3489 584 3538 iii.
600 3491 658 3539 375.
676 3500 736 3539 etr.
750 3493 805 3540 661.
822 3492 863 3539 ubi
879 3492 928 3540 lere
978 3492 1050 3540 ater
1061 3489 1111 3539 alii.
1123 3492 1218 3540 codices
1227 3507 1283 3540 vero
1293 3490 1399 3555 quidam,
1414 3490 1472 3538 sse·

421 3562 540 3612 ‘similiter
559 3574 681 3628 pecca'ur.
708 3563 840 3614 Heinsius.
880 3565 928 3614 Pu·
978 3582 1083 3621 samm.
1096 3566 1193 3621 habent,
1210 3576 1237 3615 ut
1252 3575 1277 3613 et
1292 3566 1356 3630 apud
1371 3564 1473 3613 Statium

432 3636 684 3686 teanemeti'rancol.
718 3638 860 3700 Haquotr'er.
977 3638 1013 3686 iii.
1033 3639 1110 3686 Theb.
1133 3640 1191 3687 422.
1210 3650 1235 3689 et
1258 3638 1299 3687 vii.
1317 3640 1374 3688 793.
1396 3637 1474 3687 variat

467 3712 520 3760 166.
540 3710 593 3759 Una
610 3713 686 3760 ἀωπιω
702 3712 804 3775 puceu]
824 3712 928 3767 Quouis,
976 3712 1100 3776 scriptura·
1111 3711 1473 3775 sicetmmpnml’aum

432 3784 559 3849 Gottorph.
574 3784 651 3843 heue3
669 3784 714 3833 nisi
731 3788 833 3847 mmuh
847 3784 927 3833 malis·
977 3785 1090 3850 Apollon.
1102 3784 1161 3833 dicit
1170 3786 1213 3834 lib.
1226 3786 1253 3835 ii.
1268 3787 1324 3834 163.
1357 3785 1447 3833 Bran.

432 3857 492 3906 sorte
501 3856 573 3906 etiam
581 3860 648 3913 ordis,
658 3873 700 3923 pro
709 3860 780 3905 urbis.
797 3857 928 3907 Humerus
1010 3860 1068 3907 201.
1087 3858 1166 3922 Ployr
1175 3870 1226 3908 emt
1236 3859 1365 3922 Anchisa]
1383 3859 1474 3907 saum

433 3931 541 3985 Quamvis
550 3930 621 3980 estin
631 3929 739 3979 Francos.
749 3930 811 3995 quod
823 3931 928 3980 malebat
978 3933 995 3980 i.
1008 3934 1067 3981 Silv.
1079 3933 1106 3980 ii.
1121 3934 1176 3981 167.

430 4005 502 4053 etiam
514 4004 636 4054 Francius.
653 4012 690 4053 cot
700 4020 755 4053 vero
767 4004 869 4053 imitatio
878 4006 927 4053 Eu·
1013 4006 1167 4055 Undenouum
1178 4007 1472 4070 Memorem-

430 4077 514 4142 ripidis
524 4094 554 4126 ex
562 4079 647 4128 Oreste
661 4080 732 4126 1114.
1040 4097 1083 4142 que
1092 4084 1185 4129 deornm

426 4149 928 4219 ὮσθῈλλὰςαύτῆσμιερὸνοιέητὴρων.
1011 4152 1099 4215 Raptor
1118 4164 1178 4209 erut,
1202 4153 1304 4217 Phrygio
1324 4156 1342 4201 si
1363 4170 1408 4200 nou
1433 4169 1477 4218 ego

804 4226 895 4275 Burrio.
1034 4230 1122 4287 juncta
1131 4227 1232 4274 Marito?

467 4297 522 4345 196.
549 4299 686 4365 Phrygem]
721 4301 791 4350 Hanc
816 4300 929 4349 invidiam
979 4300 1135 4364 Phrysetiam
1143 4302 1248 4349 Anchim
1256 4299 1478 4365 editionespriom,

432 4365 553 4430 deprecari
570 4372 682 4429 debebat,
695 4390 725 4422 ne
741 4376 846 4423 obstaret
856 4375 929 4422 amori
976 4381 1001 4422 et
1011 4373 1119 4421 Francos.
1131 4381 1156 4421 et
1164 4374 1300 4422 omneelcre
1310 4372 1412 4422 codices.
1425 4373 1479 4423 duo

432 4453 476 4485 suo
485 4441 562 4500 gentis
569 4442 657 4493 vilitas.
667 4446 770 4495 maxime
777 4447 841 4495 enirn
849 4447 929 4496 Graeci
978 4463 1041 4503 vero.
1053 4448 1146 4495 Betsm.
1157 4457 1182 4495 et
1189 4448 1278 4496 Douzoe
1289 4447 1442 4501 cuderam.

433 4510 540 4573 Phrygas
549 4511 719 4576 despiciebant,
725 4526 752 4566 ut
758 4534 788 4567 ex
797 4520 930 4569 Proverbiis
1010 4522 1069 4570 203.
1082 4520 1258 4586 Collatujom
1270 4521 1389 4569 Manciam
1399 4532 1423 4569 et
1433 4540 1478 4570 ar·
