<?xml version="1.0" encoding="UTF-8"?>
<!DOCTYPE html PUBLIC "-//W3C//DTD XHTML 1.0 Transitional//EN"
    "http://www.w3.org/TR/xhtml1/DTD/xhtml1-transitional.dtd">
<html xmlns="http://www.w3.org/1999/xhtml" xml:lang="en" lang="en">
 <head>
  <title>
</title>
<meta http-equiv="Content-Type" content="text/html;charset=utf-8" />
  <meta name='ocr-system' content='tesseract 3.04.00' />
  <meta name='ocr-capabilities' content='ocr_page ocr_carea ocr_par ocr_line ocrx_word'/>
</head>
<body>
  <div class='ocr_page' id='page_1' title='image "./opera00giergoog/opera00giergoog_0432.png"; bbox 0 0 3600 5925; ppageno 0'>
   <div class='ocr_carea' id='block_1_1' title="bbox 490 749 1232 824">
    <p class='ocr_par' dir='ltr' id='par_1_1' title="bbox 490 749 1232 824">
     <span class='ocr_line' id='line_1_1' title="bbox 490 749 1232 824; baseline -0.012 0"><span class='ocrx_word' id='word_1_1' title='bbox 490 758 555 824; x_wconf 73' lang='lat'>³62</span> <span class='ocrx_word' id='word_1_2' title='bbox 774 755 814 818; x_wconf 92' lang='grc' dir='ltr'>Ρ.</span> <span class='ocrx_word' id='word_1_3' title='bbox 838 751 999 818; x_wconf 90' lang='lat' dir='ltr'>OVIDII</span> <span class='ocrx_word' id='word_1_4' title='bbox 1022 749 1232 816; x_wconf 81' lang='lat' dir='ltr'>NASONIS</span> 
     </span>
    </p>
   </div>
   <div class='ocr_carea' id='block_1_2' title="bbox 493 925 1530 2301">
    <p class='ocr_par' dir='ltr' id='par_1_2' title="bbox 493 925 1473 1141">
     <span class='ocr_line' id='line_1_2' title="bbox 493 925 1473 1027; baseline -0.005 -24"><span class='ocrx_word' id='word_1_5' title='bbox 493 932 533 1003; x_wconf 89' lang='lat' dir='ltr'>Si</span> <span class='ocrx_word' id='word_1_6' title='bbox 552 953 629 1027; x_wconf 88' lang='lat' dir='ltr'>qua</span> <span class='ocrx_word' id='word_1_7' title='bbox 644 929 737 1002; x_wconf 88' lang='lat' dir='ltr'>fides</span> <span class='ocrx_word' id='word_1_8' title='bbox 755 927 896 1015; x_wconf 91' lang='lat' dir='ltr'>dubiis;</span> <span class='ocrx_word' id='word_1_9' title='bbox 924 927 1115 1000; x_wconf 88' lang='lat' dir='ltr'>volucrum</span> <span class='ocrx_word' id='word_1_10' title='bbox 1131 925 1235 999; x_wconf 90' lang='lat' dir='ltr'>locus</span> <span class='ocrx_word' id='word_1_11' title='bbox 1252 925 1314 999; x_wconf 88' lang='lat' dir='ltr'>ille</span> <span class='ocrx_word' id='word_1_12' title='bbox 1331 927 1473 1024; x_wconf 85' lang='lat' dir='ltr'>piarum</span> 
     </span>
     <span class='ocr_line' id='line_1_3' title="bbox 542 1043 1370 1141; baseline -0.002 -22"><span class='ocrx_word' id='word_1_13' title='bbox 542 1045 702 1130; x_wconf 85' lang='lat' dir='ltr'>Dicitur,</span> <span class='ocrx_word' id='word_1_14' title='bbox 721 1044 904 1118; x_wconf 82' lang='lat' dir='ltr'>obscoenae</span> <span class='ocrx_word' id='word_1_15' title='bbox 923 1067 998 1139; x_wconf 91' lang='lat' dir='ltr'>quo</span> <span class='ocrx_word' id='word_1_16' title='bbox 1016 1043 1258 1141; x_wconf 86' lang='lat' dir='ltr'>probibentur</span> <span class='ocrx_word' id='word_1_17' title='bbox 1272 1067 1370 1118; x_wconf 84' lang='lat' dir='ltr'>ares.</span> 
     </span>
    </p>

    <p class='ocr_par' dir='ltr' id='par_1_3' title="bbox 494 1157 1307 1374">
     <span class='ocr_line' id='line_1_4' title="bbox 494 1157 1211 1257; baseline -0.003 -23"><span class='ocrx_word' id='word_1_18' title='bbox 494 1162 575 1235; x_wconf 90' lang='lat' dir='ltr'>Illic</span> <span class='ocrx_word' id='word_1_19' title='bbox 593 1160 741 1234; x_wconf 90' lang='lat' dir='ltr'>innocui</span> <span class='ocrx_word' id='word_1_20' title='bbox 760 1160 834 1234; x_wconf 86' lang='lat' dir='ltr'>late</span> <span class='ocrx_word' id='word_1_21' title='bbox 852 1169 1056 1257; x_wconf 88' lang='lat' dir='ltr'>pascuntur</span> <span class='ocrx_word' id='word_1_22' title='bbox 1073 1157 1211 1232; x_wconf 85' lang='lat' dir='ltr'>olores:</span> 
     </span>
     <span class='ocr_line' id='line_1_5' title="bbox 543 1275 1307 1374; baseline -0.001 -24"><span class='ocrx_word' id='word_1_23' title='bbox 543 1276 593 1351; x_wconf 88' lang='lat' dir='ltr'>Et</span> <span class='ocrx_word' id='word_1_24' title='bbox 608 1277 716 1349; x_wconf 81' lang='lat' dir='ltr'><strong>vivax</strong></span> <span class='ocrx_word' id='word_1_25' title='bbox 735 1275 907 1360; x_wconf 80' lang='lat' dir='ltr'>Phoenirr,</span> <span class='ocrx_word' id='word_1_26' title='bbox 926 1275 1037 1349; x_wconf 88' lang='lat' dir='ltr'>unica</span> <span class='ocrx_word' id='word_1_27' title='bbox 1053 1299 1201 1374; x_wconf 87' lang='lat' dir='ltr'>semper</span> <span class='ocrx_word' id='word_1_28' title='bbox 1217 1276 1307 1349; x_wconf 89' lang='lat' dir='ltr'>avis.</span> 
     </span>
    </p>

    <p class='ocr_par' dir='ltr' id='par_1_4' title="bbox 494 1390 1530 1606">
     <span class='ocr_line' id='line_1_6' title="bbox 494 1390 1530 1493; baseline -0.001 -26"><span class='ocrx_word' id='word_1_29' title='bbox 494 1394 670 1493; x_wconf 84' lang='lat' dir='ltr'>Explicat</span> <span class='ocrx_word' id='word_1_30' title='bbox 687 1393 771 1490; x_wconf 90' lang='lat' dir='ltr'>ipsa</span> <span class='ocrx_word' id='word_1_31' title='bbox 788 1415 875 1464; x_wconf 84' lang='lat' dir='ltr'>suas</span> <span class='ocrx_word' id='word_1_32' title='bbox 894 1390 973 1465; x_wconf 86' lang='lat' dir='ltr'>ales</span> <span class='ocrx_word' id='word_1_33' title='bbox 990 1390 1014 1464; x_wconf 87' lang='lat' dir='ltr'>J</span> <span class='ocrx_word' id='word_1_34' title='bbox 1017 1393 1153 1467; x_wconf 89' lang='lat' dir='ltr'>unonia</span> <span class='ocrx_word' id='word_1_35' title='bbox 1170 1415 1331 1492; x_wconf 87' lang='lat' dir='ltr'>pennas:</span> <span class='ocrx_word' id='word_1_36' title='bbox 1483 1398 1530 1466; x_wconf 79' lang='lat'>55</span> 
     </span>
     <span class='ocr_line' id='line_1_7' title="bbox 540 1508 1378 1606; baseline 0 -24"><span class='ocrx_word' id='word_1_37' title='bbox 540 1508 682 1583; x_wconf 84' lang='lat' dir='ltr'><strong>Oscula</strong></span> <span class='ocrx_word' id='word_1_38' title='bbox 692 1509 759 1581; x_wconf 84' lang='lat' dir='ltr'>dat</span> <span class='ocrx_word' id='word_1_39' title='bbox 774 1508 912 1606; x_wconf 88' lang='lat' dir='ltr'>cupido</span> <span class='ocrx_word' id='word_1_40' title='bbox 929 1508 1068 1584; x_wconf 92' lang='lat' dir='ltr'>blanda</span> <span class='ocrx_word' id='word_1_41' title='bbox 1083 1510 1258 1584; x_wconf 88' lang='lat' dir='ltr'>columba</span> <span class='ocrx_word' id='word_1_42' title='bbox 1274 1510 1378 1583; x_wconf 88' lang='lat' dir='ltr'>mari.</span> 
     </span>
    </p>

    <p class='ocr_par' dir='ltr' id='par_1_5' title="bbox 493 1624 1406 1839">
     <span class='ocr_line' id='line_1_8' title="bbox 493 1624 1406 1723; baseline -0.001 -24"><span class='ocrx_word' id='word_1_43' title='bbox 493 1626 683 1699; x_wconf 84' lang='lat' dir='ltr'>Psittacus</span> <span class='ocrx_word' id='word_1_44' title='bbox 700 1625 768 1698; x_wconf 88' lang='lat' dir='ltr'>has</span> <span class='ocrx_word' id='word_1_45' title='bbox 786 1624 894 1710; x_wconf 87' lang='lat' dir='ltr'>inter,</span> <span class='ocrx_word' id='word_1_46' title='bbox 916 1626 1094 1700; x_wconf 83' lang='lat' dir='ltr'>nemorali</span> <span class='ocrx_word' id='word_1_47' title='bbox 1112 1625 1202 1699; x_wconf 83' lang='lat' dir='ltr'>sede</span> <span class='ocrx_word' id='word_1_48' title='bbox 1219 1635 1406 1723; x_wconf 75' lang='lat' dir='ltr'>receptus,</span> 
     </span>
     <span class='ocr_line' id='line_1_9' title="bbox 543 1740 1304 1839; baseline -0.003 -24"><span class='ocrx_word' id='word_1_49' title='bbox 543 1741 737 1816; x_wconf 83' lang='lat' dir='ltr'>Convertit</span> <span class='ocrx_word' id='word_1_50' title='bbox 752 1741 921 1814; x_wconf 87' lang='lat' dir='ltr'>volucres</span> <span class='ocrx_word' id='word_1_51' title='bbox 939 1740 977 1813; x_wconf 87' lang='lat' dir='ltr'>in</span> <span class='ocrx_word' id='word_1_52' title='bbox 994 1765 1064 1815; x_wconf 89' lang='lat' dir='ltr'>sua</span> <span class='ocrx_word' id='word_1_53' title='bbox 1079 1742 1193 1815; x_wconf 88' lang='lat' dir='ltr'>verba</span> <span class='ocrx_word' id='word_1_54' title='bbox 1208 1740 1304 1839; x_wconf 86' lang='lat' dir='ltr'>pias.</span> 
     </span>
    </p>

    <p class='ocr_par' dir='ltr' id='par_1_6' title="bbox 495 1855 1529 2071">
     <span class='ocr_line' id='line_1_10' title="bbox 495 1855 1527 1955; baseline 0 -26"><span class='ocrx_word' id='word_1_55' title='bbox 495 1855 595 1932; x_wconf 85' lang='lat' dir='ltr'>Ossa</span> <span class='ocrx_word' id='word_1_56' title='bbox 610 1858 705 1954; x_wconf 83' lang='lat' dir='ltr'>tegit</span> <span class='ocrx_word' id='word_1_57' title='bbox 721 1857 904 1931; x_wconf 88' lang='lat' dir='ltr'>tumulus:</span> <span class='ocrx_word' id='word_1_58' title='bbox 932 1858 1098 1930; x_wconf 90' lang='lat' dir='ltr'>tumulus</span> <span class='ocrx_word' id='word_1_59' title='bbox 1115 1881 1183 1955; x_wconf 89' lang='lat' dir='ltr'>pro</span> <span class='ocrx_word' id='word_1_60' title='bbox 1199 1879 1354 1955; x_wconf 86' lang='lat' dir='ltr'>corpore</span> <span class='ocrx_word' id='word_1_61' title='bbox 1377 1880 1527 1955; x_wconf 83' lang='lat' dir='ltr'>parvus:</span> 
     </span>
     <span class='ocr_line' id='line_1_11' title="bbox 544 1971 1529 2071; baseline -0.001 -26"><span class='ocrx_word' id='word_1_62' title='bbox 544 1971 629 2056; x_wconf 87' lang='lat' dir='ltr'>Quo</span> <span class='ocrx_word' id='word_1_63' title='bbox 646 1973 740 2071; x_wconf 88' lang='lat' dir='ltr'>lapis</span> <span class='ocrx_word' id='word_1_64' title='bbox 758 1973 917 2069; x_wconf 80' lang='lat' dir='ltr'>exiguus</span> <span class='ocrx_word' id='word_1_65' title='bbox 932 1995 999 2069; x_wconf 88' lang='lat' dir='ltr'>par</span> <span class='ocrx_word' id='word_1_66' title='bbox 1016 1972 1087 2045; x_wconf 89' lang='lat' dir='ltr'>sibi</span> <span class='ocrx_word' id='word_1_67' title='bbox 1105 1995 1255 2045; x_wconf 88' lang='lat' dir='ltr'>carmen</span> <span class='ocrx_word' id='word_1_68' title='bbox 1272 1972 1403 2046; x_wconf 87' lang='lat' dir='ltr'>babet:</span> <span class='ocrx_word' id='word_1_69' title='bbox 1482 1977 1529 2044; x_wconf 91' lang='lat'>60</span> 
     </span>
    </p>

    <p class='ocr_par' dir='ltr' id='par_1_7' title="bbox 494 2087 1405 2301">
     <span class='ocr_line' id='line_1_12' title="bbox 494 2087 1405 2186; baseline 0 -25"><span class='ocrx_word' id='word_1_70' title='bbox 494 2087 660 2184; x_wconf 89' lang='lat' dir='ltr'>Colligor</span> <span class='ocrx_word' id='word_1_71' title='bbox 676 2111 725 2161; x_wconf 85' lang='lat' dir='ltr'>ax</span> <span class='ocrx_word' id='word_1_72' title='bbox 742 2087 824 2186; x_wconf 90' lang='lat' dir='ltr'>ipso</span> <span class='ocrx_word' id='word_1_73' title='bbox 842 2087 1001 2160; x_wconf 82' lang='lat' dir='ltr'>dominae</span> <span class='ocrx_word' id='word_1_74' title='bbox 1019 2088 1205 2186; x_wconf 82' lang='lat' dir='ltr'>placuisse</span> <span class='ocrx_word' id='word_1_75' title='bbox 1222 2089 1405 2186; x_wconf 85' lang='lat' dir='ltr'>sepulcro.</span> 
     </span>
     <span class='ocr_line' id='line_1_13' title="bbox 545 2203 1298 2301; baseline 0 -24"><span class='ocrx_word' id='word_1_76' title='bbox 545 2204 622 2279; x_wconf 88' lang='lat' dir='ltr'>Ora</span> <span class='ocrx_word' id='word_1_77' title='bbox 638 2204 739 2278; x_wconf 83' lang='lat' dir='ltr'>fuere</span> <span class='ocrx_word' id='word_1_78' title='bbox 756 2203 847 2279; x_wconf 90' lang='lat' dir='ltr'>mihi</span> <span class='ocrx_word' id='word_1_79' title='bbox 865 2204 951 2301; x_wconf 92' lang='lat' dir='ltr'>plus</span> <span class='ocrx_word' id='word_1_80' title='bbox 969 2228 1036 2278; x_wconf 87' lang='lat' dir='ltr'>ave</span> <span class='ocrx_word' id='word_1_81' title='bbox 1053 2205 1166 2279; x_wconf 86' lang='lat' dir='ltr'>docta</span> <span class='ocrx_word' id='word_1_82' title='bbox 1182 2205 1298 2301; x_wconf 90' lang='lat' dir='ltr'>loqui.</span> 
     </span>
    </p>
   </div>
   <div class='ocr_carea' id='block_1_3' title="bbox 840 2721 1185 2796">
    <p class='ocr_par' dir='ltr' id='par_1_8' title="bbox 840 2721 1185 2796">
     <span class='ocr_line' id='line_1_14' title="bbox 840 2721 1185 2796; baseline 0.003 -1"><span class='ocrx_word' id='word_1_83' title='bbox 840 2721 1065 2796; x_wconf 86' lang='lat' dir='ltr'><strong>ELEGIA</strong></span> <span class='ocrx_word' id='word_1_84' title='bbox 1095 2722 1185 2796; x_wconf 91' lang='lat' dir='ltr'><strong>VII.</strong></span> 
     </span>
    </p>
   </div>
   <div class='ocr_carea' id='block_1_4' title="bbox 494 2871 1506 2971">
    <p class='ocr_par' dir='ltr' id='par_1_9' title="bbox 494 2871 1506 2971">
     <span class='ocr_line' id='line_1_15' title="bbox 494 2871 1506 2971; baseline 0 -26"><span class='ocrx_word' id='word_1_85' title='bbox 494 2871 594 2969; x_wconf 86' lang='lat' dir='ltr'>Ergo</span> <span class='ocrx_word' id='word_1_86' title='bbox 610 2895 681 2969; x_wconf 85' lang='lat' dir='ltr'>ego</span> <span class='ocrx_word' id='word_1_87' title='bbox 698 2871 880 2944; x_wconf 89' lang='lat' dir='ltr'>sufficiam</span> <span class='ocrx_word' id='word_1_88' title='bbox 893 2895 979 2946; x_wconf 88' lang='lat' dir='ltr'>reus</span> <span class='ocrx_word' id='word_1_89' title='bbox 998 2873 1035 2945; x_wconf 92' lang='lat' dir='ltr'>in</span> <span class='ocrx_word' id='word_1_90' title='bbox 1053 2896 1149 2947; x_wconf 89' lang='lat' dir='ltr'>nova</span> <span class='ocrx_word' id='word_1_91' title='bbox 1165 2872 1322 2946; x_wconf 88' lang='lat' dir='ltr'>crimina</span> <span class='ocrx_word' id='word_1_92' title='bbox 1338 2875 1506 2971; x_wconf 74' lang='lat' dir='ltr'>semper?</span> 
     </span>
    </p>
   </div>
   <div class='ocr_carea' id='block_1_5' title="bbox 544 2987 1266 3088">
    <p class='ocr_par' dir='ltr' id='par_1_10' title="bbox 544 2987 1266 3088">
     <span class='ocr_line' id='line_1_16' title="bbox 544 2987 1266 3088; baseline 0.004 -28"><span class='ocrx_word' id='word_1_93' title='bbox 544 2987 598 3062; x_wconf 94' lang='lat' dir='ltr'>Ut</span> <span class='ocrx_word' id='word_1_94' title='bbox 613 2987 771 3073; x_wconf 90' lang='lat' dir='ltr'>vincam,</span> <span class='ocrx_word' id='word_1_95' title='bbox 790 2989 901 3062; x_wconf 87' lang='lat' dir='ltr'>toties</span> <span class='ocrx_word' id='word_1_96' title='bbox 918 2988 1133 3064; x_wconf 88' lang='lat' dir='ltr'>dimicuisse</span> <span class='ocrx_word' id='word_1_97' title='bbox 1150 2989 1266 3088; x_wconf 84' lang='lat' dir='ltr'>piget.</span> 
     </span>
    </p>
   </div>
   <div class='ocr_carea' id='block_1_6' title="bbox 488 3245 1532 4639">
    <p class='ocr_par' dir='ltr' id='par_1_11' title="bbox 488 3245 1532 4639">
     <span class='ocr_line' id='line_1_17' title="bbox 523 3245 1431 3298; baseline 0.003 -5"><span class='ocrx_word' id='word_1_98' title='bbox 523 3246 563 3293; x_wconf 77' lang='lat'>68.</span> <span class='ocrx_word' id='word_1_99' title='bbox 580 3245 697 3293; x_wconf 57' lang='lat' dir='ltr'>maror</span> <span class='ocrx_word' id='word_1_100' title='bbox 710 3247 811 3295; x_wconf 70' lang='lat' dir='ltr'>voluerat</span> <span class='ocrx_word' id='word_1_101' title='bbox 823 3249 850 3294; x_wconf 77' lang='lat' dir='ltr'>io</span> <span class='ocrx_word' id='word_1_102' title='bbox 865 3263 907 3295; x_wconf 77' lang='lat' dir='ltr'>rua</span> <span class='ocrx_word' id='word_1_103' title='bbox 921 3249 988 3296; x_wconf 74' lang='lat' dir='ltr'>verbu</span> <span class='ocrx_word' id='word_1_104' title='bbox 1037 3248 1116 3298; x_wconf 73' lang='lat' dir='ltr'>ulieul</span> <span class='ocrx_word' id='word_1_105' title='bbox 1127 3263 1199 3297; x_wconf 80' lang='lat' dir='ltr'>manu</span> <span class='ocrx_word' id='word_1_106' title='bbox 1209 3247 1308 3298; x_wconf 66' lang='lat' dir='ltr'>vidam.</span> <span class='ocrx_word' id='word_1_107' title='bbox 1341 3247 1431 3297; x_wconf 70' lang='lat' dir='ltr'>linus.</span> 
     </span>
     <span class='ocr_line' id='line_1_18' title="bbox 488 3316 1530 3386; baseline 0.005 -20"><span class='ocrx_word' id='word_1_108' title='bbox 488 3316 559 3381; x_wconf 64' lang='lat' dir='ltr'>pia]</span> <span class='ocrx_word' id='word_1_109' title='bbox 578 3317 654 3375; x_wconf 76' lang='lat' dir='ltr'>Male,</span> <span class='ocrx_word' id='word_1_110' title='bbox 663 3333 694 3367; x_wconf 82' lang='lat' dir='ltr'>ue</span> <span class='ocrx_word' id='word_1_111' title='bbox 703 3316 783 3368; x_wconf 77' lang='lat' dir='ltr'>diem</span> <span class='ocrx_word' id='word_1_112' title='bbox 797 3319 896 3370; x_wconf 76' lang='lat' dir='ltr'>ridicule</span> <span class='ocrx_word' id='word_1_113' title='bbox 906 3320 987 3370; x_wconf 74' lang='lat' dir='ltr'>admo-</span> <span class='ocrx_word' id='word_1_114' title='bbox 1069 3322 1109 3371; x_wconf 78' lang='grc'>60.</span> <span class='ocrx_word' id='word_1_115' title='bbox 1126 3322 1176 3370; x_wconf 76' lang='lat' dir='ltr'>Por</span> <span class='ocrx_word' id='word_1_116' title='bbox 1185 3323 1226 3370; x_wconf 67' lang='lat' dir='ltr'>citt</span> <span class='ocrx_word' id='word_1_117' title='bbox 1236 3337 1316 3370; x_wconf 74' lang='lat' dir='ltr'>nonen</span> <span class='ocrx_word' id='word_1_118' title='bbox 1326 3321 1413 3385; x_wconf 70' lang='lat' dir='ltr'>habnt]</span> <span class='ocrx_word' id='word_1_119' title='bbox 1443 3321 1530 3386; x_wconf 73' lang='lat' dir='ltr'>legon-</span> 
     </span>
     <span class='ocr_line' id='line_1_19' title="bbox 490 3390 1528 3459; baseline 0.006 -20"><span class='ocrx_word' id='word_1_120' title='bbox 490 3391 555 3448; x_wconf 82' lang='lat' dir='ltr'>dum,</span> <span class='ocrx_word' id='word_1_121' title='bbox 569 3390 612 3456; x_wconf 87' lang='lat' dir='ltr'>qui</span> <span class='ocrx_word' id='word_1_122' title='bbox 628 3394 654 3440; x_wconf 79' lang='lat' dir='ltr'>in</span> <span class='ocrx_word' id='word_1_123' title='bbox 670 3408 712 3441; x_wconf 79' lang='lat' dir='ltr'>rua</span> <span class='ocrx_word' id='word_1_124' title='bbox 727 3403 789 3442; x_wconf 78' lang='lat' dir='ltr'>ruta.</span> <span class='ocrx_word' id='word_1_125' title='bbox 821 3394 908 3444; x_wconf 70' lang='lat' dir='ltr'>samua</span> <span class='ocrx_word' id='word_1_126' title='bbox 924 3394 987 3444; x_wconf 82' lang='lat' dir='ltr'>cuim</span> <span class='ocrx_word' id='word_1_127' title='bbox 1037 3397 1093 3446; x_wconf 83' lang='lat' dir='ltr'>dum</span> <span class='ocrx_word' id='word_1_128' title='bbox 1104 3394 1199 3445; x_wconf 81' lang='lat' dir='ltr'>omnino</span> <span class='ocrx_word' id='word_1_129' title='bbox 1210 3399 1296 3459; x_wconf 66' lang='lat' dir='ltr'>(utut</span> <span class='ocrx_word' id='word_1_130' title='bbox 1311 3394 1337 3444; x_wconf 82' lang='lat' dir='ltr'>in</span> <span class='ocrx_word' id='word_1_131' title='bbox 1352 3395 1451 3452; x_wconf 66' lang='lat' dir='ltr'>vetustis</span> <span class='ocrx_word' id='word_1_132' title='bbox 1465 3395 1528 3445; x_wconf 84' lang='lat' dir='ltr'>codi-</span> 
     </span>
     <span class='ocr_line' id='line_1_20' title="bbox 490 3464 1530 3533; baseline 0.002 -17"><span class='ocrx_word' id='word_1_133' title='bbox 490 3473 537 3516; x_wconf 77' lang='lat' dir='ltr'>cat:</span> <span class='ocrx_word' id='word_1_134' title='bbox 562 3464 692 3516; x_wconf 76' lang='lat' dir='ltr'>Psittccurn</span> <span class='ocrx_word' id='word_1_135' title='bbox 713 3467 738 3516; x_wconf 89' lang='lat' dir='ltr'>iu</span> <span class='ocrx_word' id='word_1_136' title='bbox 757 3467 935 3517; x_wconf 76' lang='lat' dir='ltr'>admirationem</span> <span class='ocrx_word' id='word_1_137' title='bbox 949 3469 986 3518; x_wconf 77' lang='lat' dir='ltr'>mi</span> <span class='ocrx_word' id='word_1_138' title='bbox 1036 3470 1116 3526; x_wconf 82' lang='lat' dir='ltr'>cibus)</span> <span class='ocrx_word' id='word_1_139' title='bbox 1128 3469 1235 3517; x_wconf 70' lang='lat' dir='ltr'>Comen.</span> <span class='ocrx_word' id='word_1_140' title='bbox 1247 3483 1292 3517; x_wconf 77' lang='lat' dir='ltr'>uec</span> <span class='ocrx_word' id='word_1_141' title='bbox 1307 3469 1469 3533; x_wconf 62' lang='lat' dir='ltr'>obstatqood</span> <span class='ocrx_word' id='word_1_142' title='bbox 1485 3468 1530 3518; x_wconf 76' lang='lat' dir='ltr'>duo</span> 
     </span>
     <span class='ocr_line' id='line_1_21' title="bbox 490 3541 1529 3609; baseline 0.004 -20"><span class='ocrx_word' id='word_1_143' title='bbox 490 3555 555 3595; x_wconf 78' lang='lat' dir='ltr'>ares,</span> <span class='ocrx_word' id='word_1_144' title='bbox 568 3548 621 3604; x_wconf 78' lang='lat' dir='ltr'>post</span> <span class='ocrx_word' id='word_1_145' title='bbox 634 3549 742 3597; x_wconf 81' lang='lat' dir='ltr'>mortem,</span> <span class='ocrx_word' id='word_1_146' title='bbox 756 3550 891 3598; x_wconf 74' lang='lat' dir='ltr'>conuenere,</span> <span class='ocrx_word' id='word_1_147' title='bbox 902 3552 930 3590; x_wconf 86' lang='lat' dir='ltr'>ut</span> <span class='ocrx_word' id='word_1_148' title='bbox 943 3541 985 3590; x_wconf 89' lang='lat' dir='ltr'>ho·</span> <span class='ocrx_word' id='word_1_149' title='bbox 1035 3544 1162 3609; x_wconf 75' lang='lat' dir='ltr'>subjungat</span> <span class='ocrx_word' id='word_1_150' title='bbox 1177 3544 1295 3593; x_wconf 76' lang='lat' dir='ltr'>camina:</span> <span class='ocrx_word' id='word_1_151' title='bbox 1312 3543 1392 3608; x_wconf 73' lang='lat' dir='ltr'>potuit</span> <span class='ocrx_word' id='word_1_152' title='bbox 1407 3543 1470 3592; x_wconf 84' lang='lat' dir='ltr'>enirn</span> <span class='ocrx_word' id='word_1_153' title='bbox 1480 3560 1529 3593; x_wconf 75' lang='lat' dir='ltr'>ctr-</span> 
     </span>
     <span class='ocr_line' id='line_1_22' title="bbox 490 3613 1530 3683; baseline 0.003 -20"><span class='ocrx_word' id='word_1_154' title='bbox 490 3613 565 3663; x_wconf 79' lang='lat' dir='ltr'>mines</span> <span class='ocrx_word' id='word_1_155' title='bbox 575 3613 642 3662; x_wconf 79' lang='lat' dir='ltr'>vivus</span> <span class='ocrx_word' id='word_1_156' title='bbox 658 3613 786 3670; x_wconf 73' lang='lat' dir='ltr'>alliciebat,</span> <span class='ocrx_word' id='word_1_157' title='bbox 801 3613 929 3663; x_wconf 81' lang='lat' dir='ltr'>homanum</span> <span class='ocrx_word' id='word_1_158' title='bbox 944 3631 985 3664; x_wconf 88' lang='lat' dir='ltr'>vo·</span> <span class='ocrx_word' id='word_1_159' title='bbox 1036 3633 1140 3683; x_wconf 80' lang='lat' dir='ltr'>mcnpro</span> <span class='ocrx_word' id='word_1_160' title='bbox 1149 3616 1284 3683; x_wconf 78' lang='lat' dir='ltr'>Epitaphio.</span> <span class='ocrx_word' id='word_1_161' title='bbox 1303 3616 1343 3664; x_wconf 82' lang='lat' dir='ltr'>Sic</span> <span class='ocrx_word' id='word_1_162' title='bbox 1360 3617 1433 3666; x_wconf 80' lang='lat' dir='ltr'>etiam</span> <span class='ocrx_word' id='word_1_163' title='bbox 1451 3618 1530 3683; x_wconf 69' lang='lat' dir='ltr'>virgil.</span> 
     </span>
     <span class='ocr_line' id='line_1_23' title="bbox 490 3687 1178 3755; baseline 0 -17"><span class='ocrx_word' id='word_1_164' title='bbox 490 3697 602 3739; x_wconf 72' lang='lat' dir='ltr'>nemum</span> <span class='ocrx_word' id='word_1_165' title='bbox 617 3689 714 3739; x_wconf 76' lang='lat' dir='ltr'>solerter</span> <span class='ocrx_word' id='word_1_166' title='bbox 729 3687 849 3739; x_wconf 81' lang='lat' dir='ltr'>imitando.</span> <span class='ocrx_word' id='word_1_167' title='bbox 876 3689 988 3745; x_wconf 77' lang='lat' dir='ltr'>Nam,ut</span> <span class='ocrx_word' id='word_1_168' title='bbox 1036 3689 1178 3755; x_wconf 76' lang='lat' dir='ltr'>ioDuphni:</span> 
     </span>
     <span class='ocr_line' id='line_1_24' title="bbox 489 3762 1529 3829; baseline 0.004 -18"><span class='ocrx_word' id='word_1_169' title='bbox 489 3762 523 3812; x_wconf 76' lang='lat' dir='ltr'>uit</span> <span class='ocrx_word' id='word_1_170' title='bbox 533 3762 602 3826; x_wconf 73' lang='lat' dir='ltr'>virg.</span> <span class='ocrx_word' id='word_1_171' title='bbox 613 3763 670 3812; x_wconf 80' lang='lat' dir='ltr'>AEu.</span> <span class='ocrx_word' id='word_1_172' title='bbox 683 3763 717 3811; x_wconf 82' lang='lat' dir='ltr'>vi.</span> <span class='ocrx_word' id='word_1_173' title='bbox 732 3764 788 3813; x_wconf 78' lang='lat'><strong>655.</strong></span> <span class='ocrx_word' id='word_1_174' title='bbox 804 3762 866 3828; x_wconf 85' lang='lat' dir='ltr'>quod</span> <span class='ocrx_word' id='word_1_175' title='bbox 882 3763 987 3813; x_wconf 81' lang='lat' dir='ltr'>studium</span> <span class='ocrx_word' id='word_1_176' title='bbox 1072 3764 1102 3812; x_wconf 83' lang='lat' dir='ltr'>Et</span> <span class='ocrx_word' id='word_1_177' title='bbox 1112 3763 1317 3829; x_wconf 72' lang='lat' dir='ltr'>tamulmfacite,</span> <span class='ocrx_word' id='word_1_178' title='bbox 1328 3775 1351 3814; x_wconf 76' lang='lat' dir='ltr'>et</span> <span class='ocrx_word' id='word_1_179' title='bbox 1360 3769 1449 3815; x_wconf 64' lang='lat' dir='ltr'>tauto</span> <span class='ocrx_word' id='word_1_180' title='bbox 1455 3783 1529 3828; x_wconf 71' lang='lat' dir='ltr'>rapor-</span> 
     </span>
     <span class='ocr_line' id='line_1_25' title="bbox 490 3836 1288 3894; baseline 0 -9"><span class='ocrx_word' id='word_1_181' title='bbox 490 3836 595 3886; x_wconf 76' lang='lat' dir='ltr'>velem</span> <span class='ocrx_word' id='word_1_182' title='bbox 605 3836 649 3885; x_wconf 85' lang='lat' dir='ltr'>luit</span> <span class='ocrx_word' id='word_1_183' title='bbox 664 3836 731 3894; x_wconf 80' lang='lat' dir='ltr'>rivis,</span> <span class='ocrx_word' id='word_1_184' title='bbox 1101 3839 1288 3887; x_wconf 63' lang='lat' dir='ltr'>adducam.</span> 
     </span>
     <span class='ocr_line' id='line_1_26' title="bbox 521 3910 1531 3977; baseline 0.006 -19"><span class='ocrx_word' id='word_1_185' title='bbox 521 3911 672 3960; x_wconf 69' lang='lat' dir='ltr'>—Fautm</span> <span class='ocrx_word' id='word_1_186' title='bbox 681 3912 783 3974; x_wconf 67' lang='lat' dir='ltr'>requitur</span> <span class='ocrx_word' id='word_1_187' title='bbox 793 3913 875 3961; x_wconf 72' lang='lat' dir='ltr'>ultim</span> <span class='ocrx_word' id='word_1_188' title='bbox 886 3921 987 3975; x_wconf 72' lang='lat' dir='ltr'>ropertus.</span> <span class='ocrx_word' id='word_1_189' title='bbox 1039 3910 1087 3960; x_wconf 88' lang='lat' dir='ltr'>Ubi</span> <span class='ocrx_word' id='word_1_190' title='bbox 1107 3911 1260 3977; x_wconf 70' lang='lat' dir='ltr'>Epitaphium</span> <span class='ocrx_word' id='word_1_191' title='bbox 1280 3910 1373 3961; x_wconf 76' lang='lat' dir='ltr'>duobus</span> <span class='ocrx_word' id='word_1_192' title='bbox 1393 3912 1531 3963; x_wconf 73' lang='lat' dir='ltr'>carminibus</span> 
     </span>
     <span class='ocr_line' id='line_1_27' title="bbox 868 3984 1324 4035; baseline 0 -1"><span class='ocrx_word' id='word_1_193' title='bbox 868 3986 957 4035; x_wconf 74' lang='lat' dir='ltr'>Anu.</span> <span class='ocrx_word' id='word_1_194' title='bbox 1039 3984 1178 4034; x_wconf 62' lang='lat' dir='ltr'>contuetur.</span> <span class='ocrx_word' id='word_1_195' title='bbox 1210 3985 1324 4034; x_wconf 68' lang='lat' dir='ltr'>Munus.</span> 
     </span>
     <span class='ocr_line' id='line_1_28' title="bbox 521 4058 1319 4124; baseline 0.001 -16"><span class='ocrx_word' id='word_1_196' title='bbox 521 4058 562 4108; x_wconf 73' lang='lat' dir='ltr'>ts.</span> <span class='ocrx_word' id='word_1_197' title='bbox 580 4059 627 4106; x_wconf 87' lang='lat' dir='ltr'>Pro</span> <span class='ocrx_word' id='word_1_198' title='bbox 645 4074 734 4120; x_wconf 72' lang='lat' dir='ltr'>corpore</span> <span class='ocrx_word' id='word_1_199' title='bbox 754 4059 870 4124; x_wconf 55' lang='lat' dir='ltr'>magua]</span> <span class='ocrx_word' id='word_1_200' title='bbox 900 4060 987 4108; x_wconf 80' lang='lat' dir='ltr'>Putea·</span> <span class='ocrx_word' id='word_1_201' title='bbox 1253 4084 1319 4096; x_wconf 88' lang='lat'><em>-</em></span> 
     </span>
     <span class='ocr_line' id='line_1_29' title="bbox 490 4131 1532 4198; baseline 0.002 -17"><span class='ocrx_word' id='word_1_202' title='bbox 490 4148 548 4181; x_wconf 80' lang='lat' dir='ltr'>oeus</span> <span class='ocrx_word' id='word_1_203' title='bbox 557 4132 617 4182; x_wconf 80' lang='lat' dir='ltr'>alter</span> <span class='ocrx_word' id='word_1_204' title='bbox 632 4148 686 4181; x_wconf 87' lang='lat' dir='ltr'>curn</span> <span class='ocrx_word' id='word_1_205' title='bbox 702 4131 826 4198; x_wconf 79' lang='lat' dir='ltr'>Excerptis</span> <span class='ocrx_word' id='word_1_206' title='bbox 845 4134 931 4190; x_wconf 80' lang='lat' dir='ltr'>vossii,</span> <span class='ocrx_word' id='word_1_207' title='bbox 946 4151 988 4195; x_wconf 76' lang='lat' dir='ltr'>pra</span> <span class='ocrx_word' id='word_1_208' title='bbox 1072 4133 1093 4180; x_wconf 91' lang='lat'>1.</span> <span class='ocrx_word' id='word_1_209' title='bbox 1112 4131 1174 4198; x_wconf 74' lang='lat' dir='ltr'>Ergo</span> <span class='ocrx_word' id='word_1_210' title='bbox 1188 4131 1251 4198; x_wconf 70' lang='lat' dir='ltr'>rga]</span> <span class='ocrx_word' id='word_1_211' title='bbox 1276 4132 1305 4181; x_wconf 82' lang='lat' dir='ltr'>ln</span> <span class='ocrx_word' id='word_1_212' title='bbox 1323 4131 1403 4181; x_wconf 77' lang='lat' dir='ltr'>multis</span> <span class='ocrx_word' id='word_1_213' title='bbox 1417 4132 1486 4182; x_wconf 75' lang='lat' dir='ltr'>deest</span> <span class='ocrx_word' id='word_1_214' title='bbox 1501 4137 1532 4183; x_wconf 80' lang='grc' dir='ltr'>τὸ</span> 
     </span>
     <span class='ocr_line' id='line_1_30' title="bbox 488 4204 1532 4273; baseline 0 -18"><span class='ocrx_word' id='word_1_215' title='bbox 488 4223 579 4269; x_wconf 78' lang='lat' dir='ltr'>corpore</span> <span class='ocrx_word' id='word_1_216' title='bbox 597 4224 691 4269; x_wconf 72' lang='lat' dir='ltr'>porrus.</span> <span class='ocrx_word' id='word_1_217' title='bbox 722 4207 841 4273; x_wconf 81' lang='lat' dir='ltr'>Excerptu</span> <span class='ocrx_word' id='word_1_218' title='bbox 866 4207 986 4266; x_wconf 76' lang='lat' dir='ltr'>Politiaoi,</span> <span class='ocrx_word' id='word_1_219' title='bbox 1036 4222 1085 4269; x_wconf 81' lang='lat' dir='ltr'>ego.</span> <span class='ocrx_word' id='word_1_220' title='bbox 1102 4206 1174 4254; x_wconf 81' lang='lat' dir='ltr'>male.</span> <span class='ocrx_word' id='word_1_221' title='bbox 1185 4206 1234 4255; x_wconf 83' lang='lat' dir='ltr'>vid.</span> <span class='ocrx_word' id='word_1_222' title='bbox 1249 4222 1312 4272; x_wconf 81' lang='lat' dir='ltr'>supr.</span> <span class='ocrx_word' id='word_1_223' title='bbox 1331 4204 1408 4270; x_wconf 80' lang='lat' dir='ltr'>upisr.</span> <span class='ocrx_word' id='word_1_224' title='bbox 1430 4222 1456 4254; x_wconf 80' lang='lat' dir='ltr'>x.</span> <span class='ocrx_word' id='word_1_225' title='bbox 1476 4208 1532 4256; x_wconf 83' lang='lat'><em>119.</em></span> 
     </span>
     <span class='ocr_line' id='line_1_31' title="bbox 488 4278 1532 4347; baseline 0.002 -19"><span class='ocrx_word' id='word_1_226' title='bbox 488 4295 568 4338; x_wconf 76' lang='lat' dir='ltr'>parvo.</span> <span class='ocrx_word' id='word_1_227' title='bbox 583 4297 668 4342; x_wconf 75' lang='lat' dir='ltr'>par-mu</span> <span class='ocrx_word' id='word_1_228' title='bbox 684 4297 721 4330; x_wconf 77' lang='lat' dir='ltr'>res</span> <span class='ocrx_word' id='word_1_229' title='bbox 735 4280 788 4346; x_wconf 71' lang='lat' dir='ltr'>ipsa</span> <span class='ocrx_word' id='word_1_230' title='bbox 803 4291 849 4331; x_wconf 82' lang='lat' dir='ltr'>est.</span> <span class='ocrx_word' id='word_1_231' title='bbox 873 4281 985 4332; x_wconf 69' lang='lat' dir='ltr'>Callima·</span> <span class='ocrx_word' id='word_1_232' title='bbox 1036 4280 1153 4345; x_wconf 71' lang='lat' dir='ltr'>Sufficiam</span> <span class='ocrx_word' id='word_1_233' title='bbox 1172 4281 1291 4345; x_wconf 68' lang='lat' dir='ltr'>eleganter</span> <span class='ocrx_word' id='word_1_234' title='bbox 1311 4278 1409 4335; x_wconf 79' lang='lat' dir='ltr'>dictum,</span> <span class='ocrx_word' id='word_1_235' title='bbox 1427 4297 1479 4347; x_wconf 87' lang='lat' dir='ltr'>pro,</span> <span class='ocrx_word' id='word_1_236' title='bbox 1499 4297 1532 4330; x_wconf 77' lang='lat' dir='ltr'>au</span> 
     </span>
     <span class='ocr_line' id='line_1_32' title="bbox 489 4352 1531 4420; baseline 0.004 -20"><span class='ocrx_word' id='word_1_237' title='bbox 489 4352 583 4401; x_wconf 81' lang='lat' dir='ltr'>chusia</span> <span class='ocrx_word' id='word_1_238' title='bbox 594 4354 787 4420; x_wconf 76' lang='lat' dir='ltr'>Epigrammutir:</span> <span class='ocrx_word' id='word_1_239' title='bbox 1036 4369 1081 4418; x_wconf 80' lang='lat' dir='ltr'>ego</span> <span class='ocrx_word' id='word_1_240' title='bbox 1097 4355 1160 4402; x_wconf 78' lang='lat' dir='ltr'>solus</span> <span class='ocrx_word' id='word_1_241' title='bbox 1177 4353 1300 4403; x_wconf 78' lang='lat' dir='ltr'>materiam</span> <span class='ocrx_word' id='word_1_242' title='bbox 1314 4353 1424 4419; x_wconf 69' lang='lat' dir='ltr'>praebebo</span> <span class='ocrx_word' id='word_1_243' title='bbox 1439 4354 1531 4411; x_wconf 69' lang='lat' dir='ltr'>amice.</span> 
     </span>
     <span class='ocr_line' id='line_1_33' title="bbox 522 4425 1532 4494; baseline 0.003 -20"><span class='ocrx_word' id='word_1_244' title='bbox 522 4425 647 4491; x_wconf 74' lang='grc' dir='ltr'>Σύντομος</span> <span class='ocrx_word' id='word_1_245' title='bbox 657 4429 690 4488; x_wconf 70' lang='grc' dir='ltr'>ἦν</span> <span class='ocrx_word' id='word_1_246' title='bbox 701 4427 715 4478; x_wconf 83' lang='grc' dir='ltr'><strong>ὁ</strong></span> <span class='ocrx_word' id='word_1_247' title='bbox 725 4430 813 4489; x_wconf 73' lang='grc' dir='ltr'>ξεῖνος,</span> <span class='ocrx_word' id='word_1_248' title='bbox 826 4430 891 4481; x_wconf 74' lang='grc' dir='ltr'>1καὶ</span> <span class='ocrx_word' id='word_1_249' title='bbox 900 4429 984 4494; x_wconf 64' lang='grc' dir='ltr'><strong><em>τάφος.</em></strong></span> <span class='ocrx_word' id='word_1_250' title='bbox 1036 4427 1099 4477; x_wconf 82' lang='lat' dir='ltr'>unde</span> <span class='ocrx_word' id='word_1_251' title='bbox 1109 4437 1188 4493; x_wconf 78' lang='lat' dir='ltr'>posset</span> <span class='ocrx_word' id='word_1_252' title='bbox 1199 4428 1301 4493; x_wconf 75' lang='lat' dir='ltr'>objicere</span> <span class='ocrx_word' id='word_1_253' title='bbox 1317 4427 1374 4476; x_wconf 82' lang='lat' dir='ltr'>mibi</span> <span class='ocrx_word' id='word_1_254' title='bbox 1391 4429 1498 4486; x_wconf 74' lang='lat' dir='ltr'>cumina,</span> <span class='ocrx_word' id='word_1_255' title='bbox 1508 4439 1532 4478; x_wconf 86' lang='lat' dir='ltr'>et</span> 
     </span>
     <span class='ocr_line' id='line_1_34' title="bbox 553 4498 1531 4570; baseline 0.001 -20"><span class='ocrx_word' id='word_1_256' title='bbox 553 4498 754 4565; x_wconf 76' lang='grc' dir='ltr'>οὐμσιρὰλέξω.</span> <span class='ocrx_word' id='word_1_257' title='bbox 1035 4518 1103 4551; x_wconf 87' lang='lat' dir='ltr'>nemo</span> <span class='ocrx_word' id='word_1_258' title='bbox 1113 4513 1196 4567; x_wconf 66' lang='lat' dir='ltr'>preter</span> <span class='ocrx_word' id='word_1_259' title='bbox 1211 4519 1248 4552; x_wconf 82' lang='lat' dir='ltr'>me</span> <span class='ocrx_word' id='word_1_260' title='bbox 1265 4519 1320 4552; x_wconf 82' lang='lat' dir='ltr'>raus</span> <span class='ocrx_word' id='word_1_261' title='bbox 1337 4503 1387 4559; x_wconf 79' lang='lat' dir='ltr'>fiet,</span> <span class='ocrx_word' id='word_1_262' title='bbox 1405 4520 1481 4570; x_wconf 79' lang='lat' dir='ltr'>neque</span> <span class='ocrx_word' id='word_1_263' title='bbox 1496 4513 1531 4551; x_wconf 79' lang='lat' dir='ltr'>tr-</span> 
     </span>
     <span class='ocr_line' id='line_1_35' title="bbox 489 4569 1386 4639; baseline 0.01 -22"><span class='ocrx_word' id='word_1_264' title='bbox 489 4569 635 4621; x_wconf 75' lang='lat' dir='ltr'>Postremum</span> <span class='ocrx_word' id='word_1_265' title='bbox 644 4572 714 4638; x_wconf 80' lang='lat' dir='ltr'>hujus</span> <span class='ocrx_word' id='word_1_266' title='bbox 723 4575 812 4639; x_wconf 70' lang='lat' dir='ltr'>Elegio</span> <span class='ocrx_word' id='word_1_267' title='bbox 823 4576 940 4626; x_wconf 83' lang='lat' dir='ltr'>distichon</span> <span class='ocrx_word' id='word_1_268' title='bbox 955 4578 984 4625; x_wconf 79' lang='lat' dir='ltr'>ab</span> <span class='ocrx_word' id='word_1_269' title='bbox 1035 4593 1088 4626; x_wconf 76' lang='lat' dir='ltr'>men</span> <span class='ocrx_word' id='word_1_270' title='bbox 1100 4577 1261 4627; x_wconf 69' lang='lat' dir='ltr'>succumbam.</span> <span class='ocrx_word' id='word_1_271' title='bbox 1295 4577 1386 4626; x_wconf 68' lang='lat' dir='ltr'>Burin.</span> 
     </span>
    </p>
   </div>
   <div class='ocr_carea' id='block_1_7' title="bbox 0 0 1804 5925">
    <p class='ocr_par' dir='ltr' id='par_1_12' title="bbox 0 0 1804 5925">
     <span class='ocr_line' id='line_1_36' title="bbox 0 0 1804 5925; baseline 0 0"><span class='ocrx_word' id='word_1_272' title='bbox 0 0 1804 5925; x_wconf 95' lang='lat' dir='ltr'> </span> 
     </span>
    </p>
   </div>
  </div>
 </body>
</html>
