3600 5925
554 757 768 828 tironum
790 755 881 822 LIB.
907 754 977 821 111.
1000 757 1053 822 lu
1270 758 1336 823 489

298 937 463 1033 Duxque
481 933 605 1032 gregis
622 956 739 1007 eomu
757 953 825 1029 per
841 940 1011 1028 tempora
1027 928 1122 1004 dura
1134 954 1297 1004 recurvo.

346 1051 472 1125 Invisa
488 1060 548 1125 est
563 1047 723 1123 dominae
741 1046 820 1120 sola
836 1043 982 1144 capella
998 1043 1104 1118 Deae.

296 1166 402 1241 Illius
419 1165 556 1240 iudicio
573 1163 674 1240 silvis
692 1164 843 1237 inventa
858 1162 930 1236 sub
947 1159 1033 1233 altis

347 1281 494 1356 Dicitur
510 1281 699 1378 inceptam
716 1277 932 1352 destituisse
944 1275 1084 1373 fugam.
1283 1281 1333 1349 20

297 1395 409 1471 Nune
426 1419 579 1495 quoque
595 1418 662 1494 per
679 1417 814 1492 pueros
827 1391 964 1488 jaculis
982 1389 1179 1465 incessitur
1196 1390 1330 1480 index;

347 1511 398 1588 Et
414 1513 574 1612 pretium
592 1510 733 1586 auctori
750 1508 913 1583 vulneris
930 1509 1014 1607 ipsa
1029 1507 1152 1582 datur.

295 1627 384 1713 Qua
401 1638 556 1704 ventura
574 1626 658 1703 Des
673 1635 744 1711 est,
758 1625 917 1722 juvenes
934 1622 1152 1721 timidaeque
1169 1624 1303 1723 puellae

346 1744 583 1820 Praeverrunt
598 1745 693 1818 latas
709 1751 814 1816 veste
827 1742 979 1839 jacente
995 1740 1086 1815 vias.

295 1859 462 1958 Virginei
479 1861 600 1937 crines
617 1883 708 1934 auro
725 1860 953 1957 gemmaque
969 1868 1208 1956 premuntur:
1284 1860 1332 1930 25

347 1974 399 2049 Et
414 1977 509 2074 tegit
525 1988 674 2053 auratos
691 1974 791 2075 palla
807 1975 971 2073 superba
985 1974 1116 2074 pedes.

298 2089 406 2166 More
422 2104 571 2191 patrum
590 2093 707 2192 Grajo
724 2093 856 2167 velate
873 2090 1040 2166 vestibus
1058 2091 1153 2164 albis

346 2206 499 2311 Tradita
515 2211 710 2308 supposito
727 2210 866 2284 vertice
884 2231 991 2282 sacra
1006 2205 1141 2281 ferunt.

296 2320 375 2396 Ore
391 2322 517 2397 favent
532 2325 674 2423 populi,
688 2337 779 2399 tune
794 2349 881 2399 eum
898 2323 1001 2397 veuit
1018 2345 1131 2396 aurea
1148 2343 1305 2420 pompa:

348 2437 437 2537 lpsa
452 2440 666 2514 sacerdotes
684 2440 1004 2538 subsequiturque
1021 2460 1121 2510 suas.
1284 2440 1334 2508 30

298 2552 436 2650 Argiva
452 2566 512 2629 est
527 2579 676 2655 pompae
693 2555 821 2631 facies.
873 2555 1156 2652 Agamemnone
1173 2575 1284 2637 coeso,

349 2666 399 2743 Et
415 2670 539 2744 scelus
552 2682 590 2744 et
607 2671 747 2769 patrias
763 2671 860 2768 sugit
877 2668 1040 2744 Halesus
1058 2692 1164 2767 opes.

296 2783 460 2884 Jamque
476 2788 675 2885 pererratis
692 2787 872 2885 profugus
888 2786 1080 2881 terraque,
1098 2783 1282 2880 fretoque,

349 2900 492 2976 Moenia
507 2902 606 2977 felici
623 2903 791 2978 condidit
806 2901 883 2976 alta
899 2924 1024 2976 manu.

299 3014 368 3090 llle
386 3042 473 3092 suos
490 3020 619 3094 docuit
634 3020 658 3093 J
661 3020 800 3095 unonia
815 3042 923 3093 saera
940 3016 1118 3091 Faliscos.
1286 3016 1336 3090 35

350 3131 435 3208 Sint
450 3134 553 3221 mihi,
572 3135 648 3208 sint
662 3137 803 3235 populo
820 3158 969 3232 semper
986 3132 1108 3206 amica
1123 3154 1204 3204 suo.

295 3268 454 3334 joribussumi
465 3269 580 3332 ulixiuet3
596 3273 748 3329 helionem,
762 3272 792 3323 de
842 3270 872 3321 de
882 3272 958 3339 priore
969 3272 1026 3336 luge
1036 3268 1169 3335 intelligere
1185 3268 1281 3318 melim:
1301 3278 1337 3319 te-

297 3342 426 3393 minoribus
445 3360 499 3411 quo
517 3354 572 3395 mee
593 3361 645 3397 sm
667 3346 793 3406 cedebant,
843 3348 912 3399 metui
927 3347 987 3396 nihil
997 3347 1056 3397 oerti
1069 3345 1220 3413 pronuntisre
1236 3361 1339 3412 possum

297 3414 447 3466 animalibus.
479 3417 569 3467 Arrun.
843 3423 938 3471 Mis-rr..

334 3491 373 3538 19.
391 3489 554 3541 lttiurlndieio
569 3494 638 3558 sylvis
651 3496 794 3543 inuenturulr
874 3498 915 3546 25.
933 3496 1068 3558 Gemmqru
1075 3491 1232 3557 proxuma]
1252 3492 1339 3541 Putes·

298 3566 359 3621 altis,
377 3564 473 3614 Dicitur
488 3568 607 3630 lsenptun
617 3570 791 3634 destituissssu·
843 3586 903 3620 neus
916 3570 985 3625 ulter,
996 3567 1087 3633 Regius
1102 3583 1171 3623 uuus.
1181 3566 1229 3616 (luo
1241 3566 1338 3623 Mureti,

295 3637 374 3703 gum]
391 3639 500 3689 Obscura
516 3640 597 3690 rabula
612 3650 657 3700 est,
667 3658 738 3708 quam
755 3641 794 3692 bie
844 3651 869 3692 et
885 3652 932 3692 tres
950 3642 999 3698 alii.
1011 3652 1130 3707 teguntur.
1146 3640 1185 3688 bic
1202 3650 1338 3702 moritur

299 3712 376 3778 tangit
393 3714 484 3765 Polite:
503 3731 580 3780 neque
599 3717 656 3766 uiui
675 3716 739 3782 apud
754 3732 795 3767 eos
842 3715 1026 3782 preferendum,
1046 3721 1136 3764 tautam
1160 3713 1225 3763 enim
1244 3713 1295 3763 suri
1314 3722 1340 3764 et

299 3788 672 3853 auctoremquiextanttrsdits.
698 3790 741 3839 Bis
751 3806 794 3839 eu·
843 3806 988 3854 gemmarum
998 3788 1090 3855 sopiam
1106 3787 1339 3845 indicatutrixle·

300 3870 347 3909 tem
371 3859 458 3925 fugisse
482 3862 546 3911 Juoo
566 3861 677 3910 truditur.
708 3862 794 3920 Semel,
844 3862 1053 3912 rendosufficiaut.
1086 3861 1176 3910 Busae.

298 3933 394 3999 quaudo
404 3933 470 4000 virgo
487 3935 565 3985 edbue
582 3936 693 3994 existens,
710 3936 795 3987 Jorem
876 3938 917 3985 28.
935 3935 1031 3984 Tradita
1041 3933 1127 3998 suma]
1146 3935 1243 3983 Tradite
1253 3934 1339 3985 retine·

299 4008 384 4058 emeris
405 4008 508 4074 impulsu
528 4008 594 4058 illem
614 4018 795 4075 persequentem
844 4023 902 4063 rem.
924 4006 966 4057 sed
984 4023 1125 4073 exponerem
1145 4007 1340 4057 sacerdotibus

298 4081 420 4147 fugiebat:
448 4097 496 4148 quo
515 4091 620 4147 tempore
646 4082 741 4150 Jupiter
768 4099 794 4133 se
843 4080 1183 4146 truditslerendevirginibus.
1216 4082 1306 4131 Bonis.

299 4154 370 4204 etiam
387 4154 412 4204 'ru
420 4155 531 4205 euorrlum
548 4155 688 4206 conmrtisse
698 4155 793 4215 dicitur,
876 4154 972 4204 Tradite
980 4155 1065 4219 mera]
1076 4156 1138 4214 Qun
1149 4158 1278 4205 tradiderat
1288 4155 1339 4205 Hs·

296 4228 695 4296 utinglentemeerpeeielnlleret.
713 4232 792 4289 Quem
842 4228 1234 4294 tumorosomooepertciends
1249 4229 1339 4280 Aura.

299 4316 367 4351 erem
385 4301 426 4352 ills
442 4313 525 4369 poetes
538 4302 646 4369 sepiunt
660 4303 792 4354 interludi·
875 4304 915 4353 34.
934 4303 1042 4353 ΰωιάἑάὶε
1061 4304 1131 4369 alm]
1156 4306 1218 4367 Apte
1237 4304 1338 4355 Franco·

297 4389 341 4423 ere
350 4390 393 4424 sus
404 4375 498 4426 hebuit:
510 4386 537 4426 ut
547 4375 733 4427 inCorintb'recis
743 4394 792 4428 me-
841 4379 898 4429 lurt
909 4379 1035 4429 bernensis
1051 4390 1075 4429 et
1090 4380 1269 4446 quatuordeeim
1285 4379 1336 4437 elii,

300 4447 518 4501 minitl’suseuies.
547 4451 582 4501 Et
595 4451 793 4518 iterum,queodo
842 4469 898 4504 eum
915 4453 991 4520 prims
1008 4453 1122 4503 editione.
1141 4464 1212 4504 sueta
1229 4454 1340 4505 l'olitieu.

300 4520 342 4571 Dii
361 4526 516 4575 communiter
534 4541 615 4577 omnes
639 4527 749 4593 fugerunt
767 4527 792 4575 in
841 4527 1066 4579 sedreeteexrers.
1076 4530 1102 4578 6.
1125 4530 1339 4582 Mariusintnonte

301 4596 439 4663 Emptum,
450 4605 514 4648 metu
526 4598 658 4665 gigantum.
690 4601 793 4652 fledlrie
842 4603 1133 4669 positamurbemdoeuit.
