3600 5925
421 752 472 812 viii
737 751 770 808 P.
791 748 933 811 0v11›11
954 750 1144 811 NASONIS

424 914 619 979 insecundo
633 924 740 979 autem
754 914 797 979 de
811 913 929 994 Ponto,
945 914 1041 1001 Eleg.
1053 915 1106 979 vii
1122 916 1168 980 sic
1183 914 1312 980 scribit:

502 1063 574 1124 Vita
587 1064 663 1143 prior
675 1064 746 1122 vitio
759 1074 845 1132 esret,
859 1074 890 1123 et
903 1065 966 1124 sine
978 1064 1043 1124 labe
1055 1075 1169 1143 peracta
1181 1075 1243 1124 est:

541 1158 654 1219 Auxilii
667 1159 770 1218 misero
782 1158 825 1217 nil
838 1158 909 1218 tulit
921 1158 973 1218 illa
984 1158 1065 1217 mihi.

468 1321 594 1386 Habuit
607 1344 726 1386 uxores
746 1332 822 1399 tres,
838 1344 974 1406 quarum
990 1322 1072 1386 dues
1089 1321 1287 1407 repudiavit}
1310 1342 1383 1386 cum
1402 1330 1464 1383 ter-

424 1423 471 1487 tia
489 1445 566 1488 vero
582 1423 837 1508 conjunctissime
850 1425 890 1486 'et
909 1423 1122 1487 amantissime
1141 1424 1237 1486 vixit:
1260 1424 1337 1489 item
1355 1419 1464 1496 filiam,

425 1535 459 1590 et
473 1523 550 1588 alios
564 1521 699 1601 liber0s3
722 1523 780 1587 sed
794 1544 836 1587 ex
850 1521 917 1586 filis
937 1534 971 1587 et
991 1546 1069 1586 avus
1083 1522 1187 1588 factus
1208 1536 1267 1588 est.
1302 1524 1414 1597 Quare
1432 1521 1466 1585 in

425 1634 541 1708 quarto
556 1624 655 1689 Trist.
671 1624 727 1699 ait,
743 1622 838 1709 Eleg.
854 1645 894 1685 x:

505 1757 592 1817 Paene
605 1758 675 1816 mihi
685 1777 774 1837 puero
786 1776 840 1817 nee
849 1756 939 1835 dignu
950 1776 1004 1816 nee
1018 1756 1100 1815 utilis
1113 1776 1184 1816 uxor

543 1852 599 1911 Est
612 1851 689 1921 deta,
702 1872 766 1930 quoe
777 1864 892 1931 tempus
905 1852 1043 1929 perbreve
1055 1862 1147 1929 nuptu
1158 1853 1224 1911 fuit.

504 1944 554 2004 Illi
563 1946 709 2014 suecessit,
722 1945 852 2024 quamvis
865 1945 928 2003 sine
940 1943 1068 2011 erimine,
1082 1945 1187 2021 conjux

543 2039 613 2098 Non
625 2050 725 2098 tamen
736 2039 768 2097 in
780 2048 877 2097 uostm
890 2036 973 2095 firme
985 2036 1085 2095 futuru
1096 2046 1167 2096 tara.

506 2131 627 2200 Ultima,
639 2152 704 2210 qum
716 2150 830 2189 mecum
842 2149 920 2190 seros
930 2130 1089 2209 permansit
1101 2130 1132 2189 in
1145 2150 1245 2201 annos,

545 2227 692 2287 Sustinuit
704 2227 809 2306 conjux
822 2225 931 2285 exsulis
943 2244 1005 2284 esse
1017 2224 1081 2282 viri.

507 2320 583 2380 Filia
594 2340 642 2380 me
654 2340 718 2380 mea
730 2320 774 2380 bis
786 2318 878 2398 primi
891 2316 1016 2377 fecundi
1025 2317 1158 2395 juventi,

546 2413 605 2473 Sed
618 2434 675 2473 non
688 2434 725 2474 ex
738 2434 796 2473 uno
808 2414 938 2491 conjuge,
951 2413 1022 2472 fecit
1034 2434 1129 2472 arum.

471 2539 553 2604 Cum
567 2551 674 2605 autem
685 2539 869 2625 Augustum
880 2539 1042 2604 Caesarem
1052 2540 1284 2626 imprudenter,
1295 2551 1329 2605 et
1339 2540 1467 2617 inscius,

428 2653 465 2706 ut
484 2642 553 2726 ipse
574 2642 629 2718 ait,
651 2641 850 2719 offendisset,
868 2642 911 2705 ad
932 2641 1079 2706 Euxinus
1100 2643 1142 2707 ab
1164 2665 1204 2708 eo
1225 2641 1386 2728 relegatus
1407 2652 1467 2718 est,

428 2765 528 2808 annos
542 2756 636 2808 natus
650 2741 690 2820 l.;
716 2764 817 2827 qnare
832 2743 876 2806 ait
890 2743 924 2806 in
938 2742 978 2807 iv.
995 2742 1096 2806 Trist
1113 2742 1208 2829 Eleg.
1225 2766 1265 2807 x:

509 2909 634 2990 Postque
647 2931 723 2971 meus
736 2921 815 2971 ortus
829 2909 923 2971 Pisoei
936 2910 1050 2971 vinctus
1061 2911 1137 2972 olivi

547 3004 717 3064 Abstulerat
730 3004 824 3064 decies
836 3004 953 3084 premia
966 3005 1055 3064 victor
1068 3025 1176 3084 equus:

508 3098 583 3156 Cum
596 3098 682 3157 maris
696 3097 806 3156 Euxini
818 3098 924 3177 positos
937 3096 974 3156 ad
986 3096 1057 3156 ltere
1071 3098 1200 3158 Tomitas

547 3192 684 3263 Querere
697 3193 816 3253 melissi
829 3193 965 3272 principis
978 3192 1020 3251 ira
1029 3193 1123 3270 jubet.

474 3355 640 3421 Describit
658 3367 764 3420 autem
782 3355 957 3421 discessum
973 3377 1066 3420 suum
1084 3377 1126 3420 ex
1140 3356 1234 3434 urbe,
1248 3366 1283 3421 et
1300 3358 1422 3434 uxoris,
1437 3368 1470 3422 et

432 3470 612 3523 ceterorum
625 3479 755 3521 suorum
768 3455 933 3539 lacrymas,
949 3458 1126 3541 duramque
1143 3468 1177 3522 et
1191 3457 1401 3542 periculosam
1416 3482 1471 3524 na·

432 3559 624 3645 rigationem
638 3581 738 3636 suam,
754 3558 857 3643 primo
868 3559 969 3624 Trist.
986 3558 1084 3645 longi
1093 3558 1241 3645 epistole,
1253 3583 1327 3645 qum
1341 3562 1470 3646 incipit:

510 3763 586 3822 Cum
599 3761 676 3822 subit
689 3761 768 3821 illius
780 3761 943 3822 tristissima
955 3763 1047 3823 noetis
1059 3763 1162 3841 imago,
1177 3765 1229 3823 &e-

476 3959 641 4023 Praeterea
660 3957 763 4042 primo
778 3957 819 4021 de
835 3956 953 4035 Ponto,
969 3958 1002 4021 in
1018 3956 1123 4041 Epist.
1140 3958 1183 4022 ad
1197 3957 1365 4037 Rufinum,
1380 3983 1420 4026 eo
1439 3963 1472 4026 in

433 4061 504 4126 loco
519 4083 553 4125 se
568 4059 726 4136 exsulare,
741 4059 798 4123 ubi
817 4081 944 4144 semper
962 4059 1100 4123 maxima
1119 4057 1225 4123 forent
1243 4059 1374 4145 frigora,
1390 4086 1473 4128 sum·

434 4185 549 4247 meque
562 4163 671 4248 inopia
684 4163 840 4227 bonorum
855 4161 1005 4238 omnium,
1020 4161 1071 4224 his
1086 4160 1231 4244 queritur
1244 4163 1407 4228 versibus:

514 4380 600 4439 Orbis
612 4380 644 4439 in
657 4381 792 4441 extremis
801 4381 883 4458 jaceo
896 4380 1027 4440 desertus
1040 4379 1143 4448 arenis,

554 4474 624 4534 Fert
637 4474 687 4534 ubi
699 4485 853 4553 perpetuas
866 4475 969 4533 obruta
981 4484 1058 4532 terra
1069 4472 1158 4533 nives.
