3600 5925
417 767 482 835 336
703 772 742 836 P.
767 769 929 837 OVIDII
954 771 1166 837 NASONIS

420 943 514 1028 Quae
532 957 597 1019 tua
615 946 784 1042 nequitia
800 956 871 1033 est,
891 970 965 1019 non
983 945 1041 1018 his
1059 955 1237 1020 contenta
1254 946 1395 1023 luisset.

471 1061 521 1133 Dl
539 1062 696 1136 melius:
725 1062 856 1134 similis
875 1085 950 1133 non
967 1060 1037 1133 luit
1053 1061 1116 1134 ille
1134 1063 1202 1135 tui.
1301 1063 1306 1070 ’
1415 1069 1467 1138 30

421 1175 603 1250 Reddidit
621 1179 823 1263 intactam3
852 1176 1063 1273 minuitque
1081 1178 1267 1252 modestia
1282 1178 1446 1255 crimen:

472 1291 522 1365 Et
535 1294 712 1390 juvenem
730 1292 819 1367 lacti
837 1293 1058 1390 poenituisse
1075 1305 1192 1392 patet.

419 1407 569 1485 Thesea
583 1410 772 1510 poenituit,
792 1409 900 1483 Paris
918 1420 961 1482 ut
978 1410 1200 1484 succederet
1215 1410 1289 1498 illi;

471 1525 531 1601 Ne
550 1528 701 1624 quando
718 1550 856 1601 nomen
873 1549 948 1598 non
966 1525 1016 1598 sit
1032 1525 1070 1597 in
1087 1549 1151 1600 ore
1169 1526 1320 1600 meum?

421 1641 457 1713 N
461 1667 504 1715 ec
512 1655 637 1716 tamen
645 1645 801 1716 irascor:
819 1641 923 1739 (quis
930 1642 1031 1713 enim
1038 1642 1219 1715 irascatur
1228 1641 1407 1736 amantii)
1417 1646 1466 1715 35

472 1758 512 1831 Si
531 1760 656 1843 modo,
675 1782 789 1855 quem
807 1756 972 1855 praefers,
991 1782 1066 1830 non
1084 1758 1280 1831 simulatur
1297 1782 1412 1831 amor.

421 1874 505 1948 Hoc
524 1900 676 1973 quoque
694 1875 794 1948 enim
811 1874 957 1948 dubito.
985 1898 1059 1947 non
1078 1899 1155 1972 quo
1171 1875 1309 1948 fiducia
1324 1873 1435 1959 desit,

470 1990 548 2065 Aut
565 2016 650 2065 mea
667 1991 716 2064 sit
732 1990 848 2065 facies
866 2014 941 2063 non
958 1993 1055 2065 bene
1073 2003 1162 2065 nota
1180 1992 1292 2065 mihi:

422 2106 500 2181 Sed
518 2109 608 2205 quia
624 2108 825 2182 credulitas
843 2108 981 2181 damno
1000 2108 1096 2181 solet
1112 2131 1198 2181 esse
1214 2107 1370 2205 puellis;

470 2222 672 2321 Verbaque
689 2224 865 2296 dicuntur
881 2233 1006 2298 vestra
1021 2247 1148 2298 carere
1166 2224 1252 2297 fide.
1416 2224 1467 2294 40

421 2339 472 2412 At
489 2350 650 2437 peccant
667 2340 770 2428 aliae;
799 2351 1046 2438 matronaque
1064 2365 1147 2415 rara
1163 2341 1303 2439 pudica
1319 2349 1388 2412 est.

471 2455 572 2540 Quid
590 2457 763 2554 prohibet
781 2457 872 2530 raris
890 2433 1035 2530 nomen'
1046 2458 1169 2531 inesse
1188 2454 1339 2530 meuml

421 2573 521 2646 Nam
538 2597 624 2646 mea
641 2573 743 2670 qnod
760 2573 840 2646 visa
857 2574 999 2647 esttibi
1018 2583 1138 2647 mater
1154 2573 1301 2657 idonea,
1320 2570 1428 2666 cujus

473 2688 660 2787 Exemplo
677 2688 779 2761 flecti
797 2712 858 2762 me
876 2711 1029 2787 quoque
1046 2712 1159 2786 posse
1176 2698 1307 2786 putes:

421 2804 556 2878 Matris
574 2805 613 2877 in
630 2804 807 2892 admisso,
827 2804 923 2878 falsa
939 2805 1010 2878 sub
1028 2805 1191 2901 imagine
1208 2804 1313 2890 lusae,
1415 2805 1466 2874 45

472 2920 585 2995 Error
601 2922 720 2996 inest:
749 2922 877 3021 plumis
894 2932 1017 2996 tectus
1032 2921 1179 2996 adulter
1196 2929 1288 2994 erat.

422 3039 486 3111 Nil
505 3064 588 3135 ego,
608 3039 639 3111 si
658 3062 826 3137 peccem,
846 3039 989 3138 possim
1007 3039 1185 3123 nescisse,
1205 3061 1275 3110 nec
1286 3036 1391 3108 ullus

472 3154 596 3241 Error,
616 3155 681 3252 qui
698 3155 787 3229 facti
805 3155 947 3229 crimen
964 3155 1175 3238 obumbret,
1194 3153 1276 3226 erit.

422 3271 493 3343 llla
508 3271 607 3345 bene
625 3271 771 3358 erravit,
790 3271 998 3367 vitiumque
1017 3281 1169 3342 auctore
1187 3266 1357 3341 redemit.

472 3382 579 3461 Felix
597 3388 636 3460 in
653 3387 766 3485 culpa
783 3411 859 3484 quo
877 3386 971 3460 Jove
988 3386 1093 3459 dicar
1110 3385 1206 3482 ego?
1416 3386 1466 3456 50

452 3559 495 3606 31.
515 3558 623 3608 Reddidit
641 3559 776 3622 intactam]
795 3560 851 3608 Non
872 3560 916 3608 de·
966 3557 1057 3609 ,lulium
1068 3558 1247 3606 Menecratem:

420 3631 515 3681 luerunt
526 3641 614 3690 umen,
621 3633 663 3698 qui
671 3632 820 3699 Iphigeniam
828 3650 857 3683 er
866 3634 918 3683 lle·
1000 3630 1132 3693 Imma
1142 3631 1219 3687 ettam,
1234 3638 1344 3694 mutum
1359 3628 1465 3683 irascun-

419 3706 480 3756 lcne
487 3707 756 3772 lbeeiqueconcubitu
767 3707 918 3773 luisseprogu
1033 3714 1074 3753 tur
1082 3712 1193 3752 amanter.
1341 3700 1432 3749 Hunc.

420 3791 499 3831 natam
511 3780 674 3831 asseverarint.
698 3781 917 3831 VideAntoninnm
1000 3777 1040 3827 37.
1058 3776 1112 3826 Non
1121 3776 1203 3840 quod]
1222 3774 1467 3824 InMedicboetAr-

419 3856 552 3905 liberalem
580 3854 766 3919 Metamorphos.
793 3855 866 3904 xxvii.
892 3862 918 3903 et
967 3850 1101 3916 gentinensi
1112 3858 1226 3913 eratque,
1244 3847 1307 3913 qnod
1318 3847 1426 3897 monim
1441 3857 1468 3897 et

421 3929 562 3978 Pausaniam
571 3930 597 3978 in
604 3927 768 3978 Corinthiacis
775 3929 818 3977 lib.
827 3930 854 3977 ii.
863 3945 917 3994 cap.
967 3924 1100 3989 elegantius
1110 3940 1204 3973 cenrico.
1221 3923 1256 3972 itu
1269 3922 1333 3971 enim
1347 3922 1432 3971 Cicero
1442 3930 1469 3971 et

419 4004 461 4051 22.
486 4003 619 4052 Heinsius.
652 4000 716 4051 Vide
729 4003 808 4051 Tzetz.
826 4004 856 4051 ad
867 4005 916 4067 Ly·
967 3998 1054 4048 oliiuti
1064 3999 1193 4063 solentpro
1202 3996 1467 4062 quia,sequenteellam

419 4076 502 4141 copbr.
515 4078 571 4126 103.
582 4084 606 4125 et
619 4076 675 4125 143.
967 4072 993 4122 in
1009 4075 1083 4123 altero
1094 4072 1214 4122 Orationis
1231 4073 1344 4128 membro,
1354 4075 1416 4135 qula,
1428 4072 1467 4120 vel

452 4151 494 4198 34.
513 4150 566 4199 Non
574 4153 635 4199 sitin
646 4149 706 4212 ora]
717 4148 814 4198 Scilicet
823 4148 916 4214 populi.
966 4151 1033 4211 quod,
1044 4147 1128 4197 eudem
1143 4145 1324 4211 significatione.
1341 4147 1385 4195 lib.
1395 4146 1423 4194 ii.
1435 4146 1468 4194 de

418 4222 511 4273 Herus.
967 4222 1035 4272 Orat.
1046 4224 1088 4272 75.
1122 4221 1152 4270 Iu
1162 4239 1206 4286 quo
1221 4238 1269 4287 ego,
1280 4239 1325 4270 non
1341 4239 1384 4284 qrw
1394 4223 1467 4269 liben-

452 4299 493 4345 35.
523 4298 580 4351 Quis
598 4300 657 4346 enim
677 4307 789 4346 memet
808 4296 916 4360 annunti]
967 4297 1294 4359 mmasuummdquiu
1310 4312 1469 4360 egentum

419 4369 536 4417 Irascetur
548 4370 718 4419 Scriveriauus.
753 4371 817 4435 Lego
831 4374 917 4419 iruoeu·
967 4371 1469 4433 mensuransque-nimiummum

420 4452 468 4498 tur,
479 4452 578 4493 venusta
595 4444 743 4508 repetitione,
758 4445 788 4493 de
805 4460 854 4510 qua
869 4445 917 4509 Ep.
968 4446 1175 4494 lentmmistimor.
1192 4444 1282 4492 Bona.

420 4514 453 4563 vi.
465 4531 490 4562 v.
507 4517 549 4563 29.
582 4516 754 4582 StatiusSylv.
772 4518 816 4567 lib.
834 4517 867 4567 iv.
886 4517 917 4565 ad
1000 4518 1040 4567 49.
1072 4518 1199 4585 Vitianum
1225 4527 1318 4566 mmm
1343 4517 1469 4580 redemit]
