3600 5925
459 745 525 810 ato
751 744 791 809 Ρ.
817 743 980 808 OVIDII
1004 743 1214 810 NASONIS

461 917 669 992 Hactenus,
698 940 874 990 arcanum
891 916 1036 991 furtivae
1054 919 1207 992 conscia
1223 919 1360 993 mentis
1427 925 1503 995 265

511 1034 648 1120 Litora,
663 1036 743 1130 jam
760 1035 859 1124 lasso
877 1034 1026 1132 pollice,
1046 1035 1155 1108 sistat
1170 1058 1279 1132 opus,

429 1189 436 1201 .
461 1150 599 1224 Cetera
608 1175 676 1248 per
686 1150 808 1223 socias
818 1150 1282 1248 ClymenenAEthramque
1292 1150 1502 1246 loquamur,

510 1265 605 1349 Quae
623 1266 713 1338 mihi
732 1276 820 1338 sunt
836 1266 992 1339 comites
1011 1266 1284 1363 consiliumque
1302 1266 1400 1338 duae.

757 1687 1020 1761 EPISTOLA
1047 1688 1199 1763 XVIII.

687 1895 976 1961 unsunnu
1017 1875 1267 1962 unnoun

458 2072 579 2146 Mittit
595 2071 817 2169 Abydenus,
837 2096 951 2170 quam
969 2073 1098 2149 mallet
1114 2073 1222 2157 ferre,
1242 2072 1415 2157 salutem,

509 2188 550 2260 Si
568 2189 680 2262 cadat
696 2187 751 2260 ira
767 2188 893 2274 maris,
915 2188 1027 2262 Sesta
1042 2189 1180 2288 puella,
1198 2188 1281 2261 tibi.

455 2421 511 2485 att]
531 2420 612 2470 Casan
626 2420 687 2469 libro
701 2421 775 2487 primo
791 2421 849 2470 belli
859 2421 952 2476 Civilis,
1034 2421 1104 2471 Hune
1122 2420 1253 2487 Epistulam
1267 2419 1380 2470 Barthius
1390 2418 1420 2468 ad
1432 2417 1505 2467 Statii

455 2510 510 2560 cap.
522 2496 563 2544 48.
599 2495 693 2558 Tempus
708 2504 758 2543 erut
773 2498 830 2543 unni
840 2495 951 2559 difficilli-
1001 2495 1078 2545 Theb.
1090 2496 1123 2544 vi.
1136 2497 1192 2545 545.
1217 2494 1307 2544 Ouidio
1315 2493 1451 2543 adscribere
1463 2493 1505 2541 va

455 2584 526 2625 musi,
545 2586 588 2633 quo
608 2585 679 2632 πηνα
690 2568 816 2633 frumento
833 2572 859 2617 iu
880 2570 953 2618 herbis
1002 2569 1084 2624 audet,
1108 2568 1220 2617 inductus
1244 2583 1305 2617 vens.
1321 2567 1380 2616 247.
1397 2575 1424 2615 et
1440 2567 1504 2615 248.

454 2653 531 2699 erum,
543 2659 614 2705 nsque
627 2644 725 2690 multum
740 2660 754 2690 u
766 2646 899 2691 maturitate
913 2646 949 2690 ab·
1002 2658 1061 2707 quos
1070 2659 1100 2692 cx
1109 2644 1288 2691 Musaoversos
1299 2657 1350 2690 esse
1360 2650 1446 2707 putat3
1456 2640 1505 2689 nisi

454 2726 530 2765 eruut.
551 2716 592 2764 nbi
610 2714 660 2763 vid.
676 2724 744 2763 notas
760 2713 819 2763 Aldi
836 2715 950 2764 Manutii⁸
1001 2716 1107 2764 Musteus
1119 2716 1149 2764 sit
1166 2714 1293 2780 antiquior,
1306 2730 1379 2779 quam
1393 2714 1504 2779 persuasi

454 2792 522 2839 herbe
532 2790 556 2839 in
567 2799 646 2854 segete
657 2789 848 2854 est,prinsqua1u
860 2788 885 2837 in
893 2791 950 2840 aris-
1001 2805 1064 2839 nnnc
1073 2789 1120 2839 siut
1130 2789 1193 2838 docti
1204 2788 1321 2837 homiues.
1339 2788 1382 2837 sed
1390 2788 1505 2837 Lutatius

453 2872 490 2913 tas
509 2863 593 2928 surgit.
637 2862 714 2927 quue
734 2861 854 2911 Proverbii
874 2863 951 2912 vicem
1000 2862 1152 2913 adeumdem
1161 2861 1231 2912 Statii
1239 2863 1317 2911 locum
1323 2861 1415 2918 senbit,
1424 2862 1504 2911 uan-

453 2938 554 2994 obtinet,
566 2937 596 2987 de
609 2937 646 2993 iis,
657 2936 698 3002 qui
715 2936 765 2987 vita
780 2944 805 2985 et
815 2953 857 3002 spe
867 2938 950 3003 preci·
1000 2940 1038 2987 dri
1047 2939 1137 3004 fibula
1156 2947 1197 2995 est,
1220 2937 1302 2986 Ouidio
1319 2937 1441 3003 cessante,
1461 2955 1503 2986 no·

453 3011 540 3078 pitant.
575 3011 669 3060 Persius
684 3012 768 3074 Satyra
788 3020 869 3059 sexta:
887 3012 951 3065 Quid
1001 3015 1094 3071 tisss'ms,
1107 3029 1178 3078 quem
1189 3012 1293 3061 adhunc
1308 3012 1442 3077 EpIstolam
1453 3027 1503 3060 ros-

453 3086 555 3132 suetuus?
570 3101 631 3139 occo,
646 3094 668 3132 st
682 3101 742 3148 seges
755 3085 830 3131 alteru
841 3087 867 3132 ἐπ
881 3087 950 3133 herbo
999 3086 1079 3151 picere
1091 3086 1243 3135 manifestum
1255 3094 1300 3139 est,
1312 3100 1368 3133 cum
1378 3084 1404 3134 in
1419 3086 1503 3134 Meta·

451 3168 492 3207 est.
525 3158 555 3205 Iu
565 3157 677 3206 Oratione
688 3158 726 3205 Μ.
737 3157 835 3206 Catonis
843 3158 949 3207 Censorii
999 3159 1116 3224 morphosi
1140 3160 1192 3209 lunc
1213 3158 1295 3208 tsbnla
1322 3174 1369 3207 nun
1396 3159 1502 3224 legetur.

452 3230 483 3279 ds
505 3229 625 3279 AEdilibus
645 3230 703 3279 vitio
721 3230 814 3286 orestis,
831 3231 949 3281 Noctibus
998 3232 1087 3282 Bonis.

452 3303 541 3353 Atticis
556 3304 589 3352 A.
601 3304 675 3353 Gellii
692 3304 751 3353 libro
761 3304 811 3352 xiii.
822 3319 876 3370 cap.
889 3305 947 3353 xvii.
1032 3308 1054 3354 l.
1072 3306 1149 3354 Musis
1159 3307 1290 3369 Abydenus,
1301 3304 1362 3369 δια]
1381 3303 1503 3359 handen

453 3376 525 3425 Nunc
534 3380 569 3425 its
583 3379 661 3438 ajunt,
672 3381 699 3426 s'n
712 3380 828 3441 segetibus,
838 3381 863 3425 iu
876 3379 950 3427 herbis
998 3378 1084 3444 quiex
1101 3379 1199 3444 Abydo,
1216 3379 1304 3445 oppido
1319 3379 1383 3444 qnod
1399 3378 1459 3427 olins
1476 3377 1504 3427 in

398 3496 406 3511 ‚
452 3452 638 3516 honestamenta
648 3468 702 3500 sess.
719 3454 790 3501 nolite
805 3454 836 3500 ilu'
854 3455 948 3501 nusum
997 3462 1103 3503 extrema
1119 3453 1185 3502 Asia
1203 3461 1279 3518 purte,
1300 3452 1332 3501 ad
1349 3468 1416 3501 oram
1434 3452 1504 3501 sinu

451 3542 510 3587 spsu
520 3527 610 3574 hubae.
627 3542 681 3588 seps
691 3527 771 3575 mutini
779 3528 841 3574 iuter
849 3542 872 3573 os
882 3536 905 3574 et
912 3527 947 3591 ⁰f·
998 3526 1194 3592 Hellespontiaci,
1204 3526 1327 3576 conditum
1338 3536 1390 3577 erat
1400 3543 1416 3575 a
1425 3526 1502 3576 Mila-

444 3599 500 3664 san
518 3600 592 3647 multu
609 3601 748 3648 interuenire
773 3616 842 3662 posse.
869 3615 948 3648 urum
996 3599 1046 3655 siis,
1068 3607 1188 3649 annuente
1206 3608 1230 3648 st
1251 3599 1400 3650 eoncedente
1420 3599 1503 3664 Gyge,

451 3688 503 3721 uero
513 3675 574 3721 inser
587 3673 655 3737 qff'uua
670 3682 738 3736 utqits
754 3674 842 3721 herbum
856 3675 886 3721 ibi
897 3689 948 3722 astu
998 3674 1116 3738 Lydorum
1139 3689 1204 3738 rege,
1225 3674 1268 3739 qui
1291 3682 1350 3723 tunc
1376 3673 1504 3738 regionem

452 3747 544 3811 longum
555 3748 703 3795 interuallum
712 3755 753 3793 sat.
765 3746 797 3793 iv.
814 3746 879 3794 Fast.
890 3747 948 3796 645.
997 3746 1059 3795 hanc
1068 3762 1171 3804 omnem,
1182 3747 1245 3796 sicut
1252 3756 1276 3796 et
1285 3746 1388 3803 Troada,
1398 3747 1444 3795 sub
1455 3746 1505 3795 ius·

484 3820 546 3883 Seps
556 3821 622 3869 Ceres
630 3822 711 3882 prinis
722 3822 837 3868 domiuum
844 3819 948 3883 saltabat
997 3821 1062 3885 perio
1072 3837 1114 3870 sno
1124 3823 1230 3871 tenebat.
1247 3822 1328 3871 Strab.
1340 3822 1393 3871 xiii.
1405 3835 1462 3887 cap.
1477 3823 1503 3870 1.

515 3896 632 3943 iulerbis.
825 3893 915 3943 llnus.
996 3896 1064 3945 Sesto
1082 3895 1180 3961 Abydos
1197 3896 1417 3962 objacebat,aquo
1433 3896 1505 3946 mille

483 3969 541 4016 267.
559 3969 681 4032 Clymen
691 3967 861 4030 AEthramque]
880 3967 947 4017 Prio-
996 3984 1109 4033 passuum
1131 3969 1233 4035 trajectu
1250 3968 1371 4018 distabat:
1395 3969 1440 4018 sed
1467 3969 1505 4018 ibi

450 4056 500 4088 rem
516 4041 584 4090 uliter
597 4049 665 4091 vocat
675 4040 785 4105 Hyginus
794 4056 847 4105 cap.
857 4042 899 4089 92.
916 4041 947 4091 de
996 4042 1082 4091 fretum
1093 4043 1201 4108 rapidum
1219 4043 1280 4093 adeo
1296 4053 1321 4093 et
1337 4043 1505 4101 intractabile,

448 4114 539 4178 judicio
555 4115 656 4164 Paridis.
689 4114 826 4162 Alexander
846 4114 948 4164 Venetis
996 4125 1022 4165 ut
1038 4116 1108 4182 siqui
1126 4116 1227 4167 exAsia
1242 4118 1268 4167 in
1286 4118 1405 4184 Europam
1419 4127 1506 4168 essem

451 4187 555 4252 impulsu
569 4187 687 4237 Helenam
701 4203 716 4236 a
731 4187 900 4237 hcodemone
915 4190 946 4237 ab
996 4189 1124 4247 transituri,
1130 4205 1205 4245 orani,
1213 4200 1274 4240 teste
1281 4190 1367 4240 eodem
1373 4191 1505 4248 Strabone,

452 4255 542 4323 hospite
549 4262 662 4309 Menelao
668 4260 875 4325 Trojamsbduxit,
880 4276 946 4310 eam·
996 4263 1033 4313 eis
1048 4264 1111 4313 stad.
1122 4263 1199 4330 spatio
1209 4265 1290 4329 legere
1304 4273 1457 4329 cogerentur,
1468 4281 1506 4316 ue

451 4344 498 4393 que
514 4331 538 4379 in
555 4333 664 4399 conjugio
679 4333 763 4382 babuit
783 4349 838 4382 cum
854 4333 947 4382 ancillis
996 4337 1112 4386 undarum
1133 4338 1156 4385 vi
1177 4338 1312 4404 precipites
1338 4336 1505 4389 auferrentur.

450 4399 543 4451 duabus
554 4407 640 4455 AEthra
652 4416 676 4455 et
686 4406 806 4463 Plnisaide,
816 4423 877 4472 quas
887 4408 945 4456 cns-
996 4409 1096 4460 Exstant
1113 4411 1192 4460 adhuc
1207 4411 1290 4478 Abydi
1307 4410 1417 4475 vestigia,
1432 4411 1507 4463 hand

451 4481 486 4521 tor
503 4484 527 4523 et
544 4477 629 4527 Pollux
644 4481 752 4544 captivas
772 4481 795 4529 ei
810 4481 945 4545 assignave-
995 4483 1076 4548 psocul
1086 4498 1102 4531 a
1111 4484 1172 4541 lucu,
1182 4484 1225 4549 qui
1236 4485 1335 4551 Negare
1345 4484 1449 4546 dicitur3
1460 4502 1507 4536 su·

450 4555 510 4603 rant,
522 4549 649 4614 aliqnando
658 4554 758 4615 reginas
791 4554 863 4602 Cios.
994 4566 1091 4621 pessunt
1107 4572 1203 4622 quoque
1219 4558 1245 4607 in
1259 4559 1360 4608 adversa
1377 4574 1421 4608 osa
1437 4560 1507 4609 Sesti
