3600 5925
422 794 443 832 ι
739 775 774 833 r.
794 743 1149 838 ovmu'unsoms

499 937 1256 1022 Ummdrutismdefendsreoeterspunes!

535 1032 1154 1115 Soiulindqnodtelmiuenemgis

418 1242 854 1309 Seonndoitem'l'ristait:

493 1460 1157 1540 eudiquinvidirmrmxialumimfoei?

532 1555 1169 1639 Onrhnprndenticognitncnlpsrnihiest?

491 1648 1150 1712 lucinuActmviditsinevoeteDianam:

530 1742 1154 1807 Pmdafuitoam'bnsnonminnsillesuis

457 1952 952 2039 Ubiqueigitmexsiliicausam
967 1965 1034 2019 tum
1049 1954 1148 2020 ldiros
1162 1958 1309 2036 deli-te,
1325 1971 1455 2025 tumer-

409 2075 516 2118 rorem
529 2054 629 2119 misse
642 2067 886 2119 commemorat:
909 2055 981 2137 quis
992 2078 1069 2119 vero
1079 2055 1132 2120 ille
1147 2080 1239 2122 error
1252 2059 1359 2138 fuerit,
1375 2083 1455 2124 nun·

409 2179 507 2240 qnam
527 2156 666 2241 aperuit,
687 2177 729 2219 ne
749 2156 851 2240 magis
874 2154 1043 2241 Augustus
1062 2159 1122 2222 sibi
1143 2160 1343 2226 irasceretm.
1388 2162 1456 2226 Ve-

408 2280 480 2321 rum
499 2258 587 2342 quia,
604 2268 641 2320 ut
660 2257 731 2341 ipse
751 2257 807 2332 ait,
823 2255 999 2319 “Nitimur
1012 2258 1045 2320 in
1059 2260 1192 2323 vetitum
1211 2283 1349 2347 semper,
1364 2264 1455 2348 cupi.

408 2381 544 2444 musque
562 2359 718 2443 negata;”
739 2358 892 2442 quidnam
910 2359 945 2422 id
966 2358 1074 2437 luerit,
1094 2359 1222 2445 plurimi
1244 2364 1325 2428 scire
1347 2366 1454 2428 conati

408 2473 494 2538 sunt,
509 2472 543 2525 ct
557 2473 692 2526 conanu
706 2482 834 2545 semper
844 2459 976 2544 aliquis:
999 2476 1200 2549 quapropter
1212 2467 1364 2550 suspicati
1379 2477 1454 2530 sunt

407 2563 540 2646 quidam
558 2575 654 2647 turpe
674 2560 805 2646 aliquod
821 2561 962 2647 Augusti
977 2577 1135 2630 secretum
1152 2588 1229 2630 casu
1243 2568 1360 2631 vidisse
1375 2568 1454 2632 Ovi·

407 2664 515 2730 dium:
546 2664 635 2748 qnod
662 2685 727 2726 non
753 2662 870 2747 placet,
899 2664 977 2747 quia
1002 2667 1097 2730 toties
1126 2668 1308 2748 objiciendo
1337 2668 1452 2746 scelus,

407 2767 606 2832 immitiorem
626 2765 820 2830 reddidisset
843 2765 1016 2843 caesarem,
1031 2790 1129 2851 quem
1149 2766 1249 2833 lenire
1269 2781 1303 2832 et
1323 2769 1452 2853 placare

406 2868 569 2933 studebat
620 2866 687 2932 Alii
707 2891 795 2945 vero,
817 2868 907 2952 quod
930 2866 1071 2953 Augusti
1092 2869 1190 2933 filiam
1210 2871 1272 2933 sub
1294 2869 1373 2934 falso
1389 2872 1453 2934 Co-

406 2971 508 3037 rinnae
532 2971 661 3035 nomine
679 2969 843 3046 amaverit,
869 2992 955 3053 quse,
981 2983 1017 3033 ut
1039 2969 1162 3034 Plinius
1184 2982 1218 3035 et
1243 2971 1452 3055 Tranquillus

406 3074 561 3150 scribunt,
583 3072 732 3157 flagravit
751 3070 982 3135 adulteriorum
1003 3072 1143 3149 infamis,
1165 3083 1199 3137 et
1220 3073 1370 3137 damnata
1389 3085 1449 3138 est.
1466 3080 1470 3087 '

408 3174 485 3249 Qua
498 3175 541 3240 de
555 3175 653 3240 resic
668 3173 821 3238 Sidonius
835 3184 953 3258 poeta:
1315 3170 1318 3175 ’

561 3345 604 3405 Et
616 3356 647 3405 te
660 3345 786 3404 carmina
798 3364 850 3423 per
863 3343 1017 3403 libidinosa

537 3460 542 3469 ·
560 3439 684 3507 Notum,
698 3439 778 3498 Naso
790 3450 882 3507 tener,
897 3437 1059 3516 Tomosque
1071 3439 1201 3508 missum,

560 3532 713 3605 Quondam
727 3532 863 3591 Cmsareoe
876 3532 963 3590 nimis
975 3530 1081 3610 puelle

561 3626 647 3686 Falso
659 3627 775 3685 nomine
787 3625 936 3684 subditum
951 3625 1093 3684 Corinnm

402 3787 503 3862 Quod
518 3807 583 3850 non
598 3785 744 3848 ridetur:
768 3785 855 3868 quia,
871 3786 897 3848 si
919 3786 965 3848 its
982 3796 1077 3861 esset,
1095 3786 1237 3869 grovitm
1256 3797 1291 3850 et
1311 3787 1449 3851 scienter

400 3889 434 3952 in
445 3887 588 3974 Augusti
601 3888 801 3973 majestatem
816 3885 1006 3971 deliquisset
1019 3886 1169 3963 Ovidius,
1185 3909 1261 3964 non,
1276 3897 1313 3950 ut
1326 3887 1447 3970 ubique

401 3990 470 4074 ipse
490 3990 612 4069 scribit,
628 4010 688 4074 per
707 4010 859 4064 errorem,
880 3999 914 4051 et
933 3988 1114 4052 inscienter.
1161 3988 1336 4064 Praeterea,
1351 4010 1448 4072 quam

400 4090 478 4155 ficto
499 4092 626 4156 nomine
640 4090 814 4155 Corinnam
836 4088 1020 4175 appellavit,
1035 4091 1174 4174 'potitum
1194 4112 1228 4154 se
1245 4100 1393 4167 testatur,
1414 4091 1448 4153 in

402 4190 588 4269 Amoribus,
603 4191 687 4257 libro
701 4194 817 4279 primo,
835 4190 931 4277 Eleg.
948 4216 977 4255 v.
995 4192 1125 4255 dicens:

478 4418 600 4497 Singula
613 4420 684 4498 quid
696 4422 840 4480 referam?
861 4420 904 4479 nil
917 4440 975 4479 non
987 4417 1132 4477 landabile
1145 4418 1215 4486 ridi,

516 4511 559 4572 Et
572 4513 678 4573 nudam
692 4515 782 4593 pressi
796 4535 897 4593 corpus
911 4514 948 4574 ad
961 4533 1053 4591 nsque
1065 4533 1172 4572 meum.
