3600 5925
555 738 770 806 AMORUM
803 738 895 806 LIB.
920 737 990 804 111.
1011 741 1045 805 6.
1261 745 1328 810 4Ιῦ

285 915 394 991 Hauc
412 915 533 990 amnis
551 914 691 1013 rapidis
709 912 899 988 animosus
916 913 1009 987 vidit
1026 913 1074 988 ab
1092 914 1203 989 undis
1215 912 1234 990 :'

335 1031 543 1129 Raucaque
560 1030 608 1104 de
625 1028 759 1102 mediis
777 1027 930 1102 sustulit
945 1051 1011 1102 ora
1026 1028 1153 1104 vadis:

283 1146 413 1246 Atque
430 1148 495 1234 ita,
514 1144 616 1230 Quid
634 1154 792 1228 nostras,
812 1142 946 1241 inquit,
964 1143 1055 1218 teris
1073 1145 1187 1220 anxia
1202 1148 1316 1248 ripas,

335 1262 417 1351 llia,
437 1265 485 1337 ab
505 1262 608 1336 Idaeo
627 1260 883 1334 Laomedonte
897 1260 1043 1356 genus?

284 1379 370 1465 Quo
387 1380 512 1453 cultus
529 1378 657 1453 abiere
674 1376 754 1452 tuit
781 1376 873 1475 quid
890 1378 972 1452 sola
987 1378 1161 1475 vagaris?
1277 1387 1326 1458 55

334 1494 440 1569 Vitta
456 1519 526 1569 nec
544 1494 710 1568 evinctas
728 1492 888 1590 impedit
905 1492 992 1566 alba
1007 1496 1161 1569 comas?

285 1609 386 1695 Quid
403 1611 484 1697 fles,
502 1622 542 1685 et
557 1608 729 1683 madidos
746 1607 909 1682 lacrimis
927 1610 1134 1708 corrumpis
1152 1609 1314 1689 ocellos?

334 1723 570 1824 Pectoraque
588 1726 721 1799 insani
738 1725 885 1824 plangis
904 1736 1035 1823 aperta
1051 1729 1191 1801 manul

286 1839 356 1916 llle
373 1843 488 1917 habet
504 1853 543 1918 et
559 1841 696 1927 silices,
715 1850 754 1914 et
769 1839 893 1914 vivum
911 1840 950 1912 in
967 1849 1121 1939 pectore
1139 1842 1290 1934 sermm,

337 1956 412 2042 Qui
430 1968 558 2032 tenero
575 1956 746 2030 lacrimas
763 1955 887 2030 lentus
904 1954 943 2027 in
961 1979 1025 2030 ore
1037 1956 1152 2032 videt.
1278 1966 1328 2035 60

287 2073 369 2160 Ilia,
386 2098 485 2174 pone
502 2085 642 2161 metum
670 2073 739 2146 tibi
757 2072 861 2168 regia
877 2081 1005 2146 nostra
1021 2074 1184 2170 patebit:

337 2189 468 2288 Teque
485 2191 610 2264 colent
627 2212 777 2277 amnes3
807 2188 889 2274 Ilia,
908 2211 1007 2287 pone
1025 2198 1160 2264 metus.

287 2303 345 2377 Tu
356 2317 520 2393 centum,
530 2316 595 2379 aut
603 2306 743 2404 plures,
752 2305 848 2378 inter
857 2304 1098 2379 dominabere
1110 2304 1327 2406 Nymphas:

339 2421 438 2496 Nam
456 2433 622 2510 centum,
641 2432 707 2496 aut
729 2422 854 2521 plures
871 2420 1027 2494 flumina
1043 2432 1171 2496 nostra
1185 2433 1328 2500 tenent.

290 2535 350 2611 Ne
366 2563 428 2614 me
445 2563 593 2638 sperne,
611 2561 757 2637 precor,
775 2545 935 2621 tantum,
954 2534 1117 2633 Trojano
1130 2562 1319 2640 propago:

339 2653 500 2730 Munera
518 2655 708 2754 promissis
725 2653 899 2730 uberiora
916 2650 1025 2725 seres.
1282 2662 1330 2732 66

291 2770 461 2844 Dixerat.
489 2770 564 2857 illa,
584 2770 713 2843 oculos
732 2768 769 2841 in
787 2768 943 2840 humum
960 2767 1111 2865 dejecta
1126 2771 1329 2860 modestos,

342 2886 552 2985 Spargebat
569 2883 717 2985 tepidos
735 2884 871 2959 flebilis
889 2883 1007 2959 imbre
1025 2884 1142 2959 sinus.

290 3002 365 3077 Ter
382 3002 511 3077 molita
526 3002 666 3102 fugam,
684 3013 742 3076 ter
759 3001 806 3076 ad
825 3001 919 3075 altas
937 3001 1073 3076 restitit
1088 3003 1221 3091 undas

342 3118 526 3193 Currendi
545 3120 641 3193 vires
659 3119 839 3217 eripiente
857 3128 973 3191 metu.
1285 3128 1333 3197 70

293 3234 386 3309 Sera
402 3246 527 3310 tamen
545 3236 721 3310 scindens
738 3235 888 3309 inimico
906 3232 1042 3332 pollice
1059 3235 1212 3323 crinem,

344 3333 474 3409 Edidit
491 3335 663 3432 indiguos
681 3359 744 3410 ore
761 3344 945 3409 tremente
962 3357 1095 3407 sonos:

323 3612 366 3660 56.
386 3610 450 3659 Vitta
464 3628 506 3660 nec
521 3612 641 3677 evinctus]
660 3612 789 3678 Virginius·
838 3610 950 3662 carminis
964 3612 1024 3662 ratio
1033 3612 1115 3678 erigit,
1126 3613 1258 3663 ntornnino
1267 3615 1335 3681 legs-

292 3685 323 3734 tis
333 3684 425 3750 insigne
436 3686 505 3735 sitta.
839 3696 885 3743 tur,
897 3686 927 3735 ln
945 3688 1050 3735 humum:
1068 3687 1140 3735 etsie
1158 3696 1195 3735 cst
1212 3688 1237 3736 in
1252 3705 1336 3741 manu.

324 3760 366 3809 58.
385 3760 504 3825 Pluugia]
526 3759 613 3809 Tosdr's
632 3763 709 3824 inepto
728 3758 790 3825 prior
838 3759 932 3826 scriptis
943 3759 1124 3827 exemplaribus.
1159 3761 1266 3824 Dama.-
1282 3780 1334 3829 pro,

292 3832 427 3883 Medicdos.
444 3833 508 3898 quod
525 3832 652 3883 admodum
668 3834 791 3900 placebat
839 3833 944 3900 dejectos
963 3835 1053 3883 habens
1072 3833 1153 3884 oculos
1172 3835 1290 3886 modum
1311 3839 1336 3889 in

292 3905 790 3970 npemexaliolocobuculibrsriointru-
839 3917 932 3956 terram
965 3907 1009 3955 Bt
1031 3908 1096 3957 enim
1121 3908 1285 3973 synecdoche.
1309 3920 1336 3962 ut

292 3996 344 4031 sum
364 3990 432 4048 puto.
455 3996 503 4030 non
522 3988 558 4029 est
579 3980 690 4029 acerbum
711 3988 790 4028 autem
840 3979 904 4047 apud
915 3978 1001 4044 virgil.
1012 3981 1056 4031 lib.
1066 3981 1083 4030 i.
1093 3982 1150 4032 561.

292 4054 424 4103 convicium
435 4055 520 4115 irrepta.
531 4068 586 4100 cum
603 4059 628 4100 et
638 4052 705 4101 Deus
717 4051 790 4109 dieat,
874 4052 932 4101 Tum
948 4056 1045 4103 unitur
1058 4055 1120 4105 Dido
1136 4057 1227 4105 asltm
1243 4060 1337 4109 danim

292 4138 317 4179 st
336 4128 427 4177 ulands
447 4126 571 4176 additurus
590 4124 621 4175 sit
639 4127 720 4175 rerba.
742 4125 791 4176 rid.
902 4126 1018 4192 profatus.
1187 4130 1304 4181 Murrus.

293 4203 384 4252 Donat.
395 4202 425 4250 ad
440 4202 538 4251 Terent.
549 4200 623 4250 Adel.
634 4200 667 4249 ri.
679 4199 712 4249 iv.
723 4200 749 4249 7.
766 4210 791 4250 et
871 4199 914 4248 69.
933 4200 1048 4265 flebilia]
1070 4200 1197 4252 Prodente
1211 4212 1236 4253 ct
1251 4215 1338 4257 moesta

293 4278 328 4325 ita
337 4290 400 4341 sape
410 4276 474 4337 apud
485 4277 597 4324 Nostrum
608 4284 632 4324 et
642 4275 743 4324 comicos
755 4277 790 4323 iu·
840 4274 895 4339 poni
917 4273 1017 4331 videtur,
1038 4275 1073 4323 its
1091 4275 1175 4325 Horat.
1196 4277 1229 4326 ir.
1245 4278 1295 4328 od.
1312 4282 1336 4330 2.

293 4352 340 4413 epti
351 4349 469 4406 dicuntur,
480 4350 521 4414 qui
538 4347 629 4413 aliquid
645 4349 725 4405 rebus,
737 4363 791 4413 pers
842 4347 924 4397 Flebili
932 4365 1012 4411 quom
1015 4353 1125 4413 jussurus
1134 4361 1234 4415 ruptum.
1245 4354 1334 4405 Burrus.

293 4423 356 4473 sonis
373 4430 416 4471 aut
431 4421 530 4487 tempori
545 4439 592 4472 non
608 4438 740 4488 congruam
756 4422 791 4471 ln·
873 4422 913 4470 71.
929 4422 985 4471 Sera
995 4423 1090 4487 tesam]
1107 4424 1335 4493 Tsrdssdloquen·

292 4498 368 4547 ciunt.
401 4497 491 4544 anrr.
839 4494 1335 4562 dum,quisscilieetdiutscuit.blnrrs.

325 4573 368 4621 67.
386 4570 469 4621 Oculos
484 4569 599 4634 bunum]
618 4572 649 4620 Et
667 4585 750 4621 sensus
765 4580 789 4621 et
1318 4578 1321 4585 ’
