3600 5925
595 763 820 829 sunnon.
867 763 959 829 mn.
983 763 1033 828 11.
1058 765 1109 847 n.
1297 759 1362 825 asr

321 940 496 1015 Creditur
513 947 552 1012 et
571 938 762 1037 Nymphe,
777 938 943 1013 mortalis
961 960 1098 1023 amore,
1111 934 1290 1033 Calypso,
1314 937 1359 1006 15

369 1058 506 1155 Capta,
525 1056 771 1130 reluctantem
788 1056 997 1130 detinuisse
1014 1054 1144 1128 virum.

320 1173 496 1247 Creditur
513 1195 725 1270 aequoreem
742 1171 882 1247 Phthio
901 1170 1068 1246 Nereida
1084 1168 1194 1265 Regi,

369 1287 544 1385 Egeriam
557 1290 662 1385 justo
679 1289 929 1363 concubuisse
948 1285 1102 1373 Numae3

319 1402 487 1478 Volcano
505 1403 708 1478 Venerem:
738 1404 920 1502 quamvis,
938 1403 1075 1477 incude
1092 1400 1237 1486 relicti,

367 1518 542 1619 Turpiter
559 1520 713 1618 obliquo
730 1519 916 1593 claudicet
932 1519 994 1591 ille
1011 1518 1121 1617 pede.
1312 1520 1361 1586 20

321 1634 508 1710 Carminis
526 1637 597 1710 hoc
615 1636 738 1734 ipsum
752 1658 870 1731 genus
883 1634 1024 1732 impar:
1052 1633 1121 1706 sed
1134 1643 1259 1707 tamen
1274 1641 1361 1729 apte

369 1750 393 1824 J
395 1753 547 1849 ungitur
562 1752 698 1826 herdus
716 1774 802 1824 cunr
820 1750 989 1825 breviore
1000 1749 1125 1823 modo.

320 1865 378 1939 Tu
397 1891 549 1965 quoque
567 1892 640 1953 me,
659 1890 745 1942 mea
757 1865 836 1952 lux,
851 1867 890 1939 in
904 1865 1093 1963 quaslibet
1102 1864 1233 1962 accipe
1244 1864 1360 1958 leges.

370 1981 426 2058 Te
443 1984 578 2059 deceat
594 1983 718 2058 medio
731 1985 818 2081 Jura
833 1983 985 2058 dedisse
1002 1993 1095 2057 toro.

320 2096 408 2171 Non
427 2099 496 2172 tibi
514 2099 654 2173 crimen
672 2123 749 2185 ero,
768 2123 838 2173 nec
857 2123 934 2196 quo
951 2099 1078 2171 laeterc
1095 2107 1250 2172 remoto,
1315 2098 1363 2166 25

371 2213 458 2287 Non
476 2216 546 2290 erit
563 2216 622 2289 hic
640 2216 749 2289 nobis
767 2214 989 2288 inficiandus
1008 2237 1122 2287 amor.

321 2328 405 2403 Sint
422 2330 490 2405 tibi
508 2354 576 2429 pro
593 2354 729 2427 magno
746 2329 870 2403 felicia
886 2329 1053 2403 carmina
1069 2349 1204 2403 censu:

370 2444 420 2519 Et
432 2447 559 2520 multae
578 2470 645 2545 per
662 2471 723 2520 me
740 2469 877 2520 nomen
894 2446 1034 2520 habere
1051 2444 1193 2517 volunt.

322 2559 418 2634 Novi
436 2562 614 2658 aliquam,
633 2585 718 2658 quae
737 2585 778 2634 se
795 2560 1034 2635 circumierat
1044 2582 1129 2632 esse
1148 2556 1363 2631 Corinnam.

373 2675 427 2750 Ut
443 2676 521 2763 fiat,
540 2676 632 2774 quid
650 2700 726 2750 non
743 2677 806 2751 illa
822 2678 973 2752 dedisse
990 2675 1100 2750 velit?
1317 2678 1366 2746 30

356 2889 395 2937 to.
406 2888 514 2955 Egeriam
516 2894 591 2953 justo,
596 2889 653 2953 hc]
663 2890 820 2957 Specnsllge-
869 2900 933 2941 torus
943 2891 987 2957 ipsi
997 2891 1066 2957 quasi
1076 2888 1181 2945 tironus,
1195 2897 1238 2939 aut
1253 2887 1367 2944 tribunal,

322 2961 372 3020 rin,
383 2979 431 3028 quo
440 2962 521 3013 Numa
530 2962 562 3013 nd
572 2973 698 3014 nocturnos
704 2980 759 3014 cunr
767 2966 821 3015 Dee
870 2983 884 3016 e
895 2982 943 3031 quo
950 2967 990 3032 jus
1001 2966 1075 3015 dicet.

321 3037 820 3102 congressusetseccrdotestdsncritican·
903 3043 945 3090 25.
958 3040 1007 3090 Nec
1022 3058 1067 3105 quo
1083 3039 1164 3088 letitie
1179 3038 1282 3101 remoto]
1305 3036 1368 3086 Huic

322 3109 379 3159 dum
389 3110 450 3160 Deo
460 3110 516 3161 fidei
533 3111 689 3169 rennuunt,
701 3121 821 3178 specrsrm
870 3114 950 3165 sensui
960 3115 1076 3164 coherere
1087 3111 1246 3163 ridetnrillud
1254 3110 1369 3176 superius,

321 3184 400 3234 adhuc
417 3185 442 3236 in
459 3185 522 3236 valle
539 3186 632 3252 Egeria,
651 3202 698 3236 non
714 3188 821 3253 procula
871 3188 902 3239 ln
909 3190 1017 3253 quoslihet
1026 3191 1102 3252 accipe
1109 3189 1176 3254 leges.
1210 3184 1368 3250 Nampuelle

322 3258 391 3308 Circo
402 3259 821 3326 CaracallnAEorrichllntiqAErb.
871 3262 1015 3329 quandoque
1034 3269 1127 3311 veteres
1151 3268 1267 3310 amatores
1289 3259 1370 3308 exclu-
1432 3265 1441 3280 ·

322 3348 345 3382 c.
358 3336 384 3383 3.
395 3342 456 3383 sect.
468 3335 494 3383 4.
527 3333 618 3384 Man.
870 3338 931 3390 dunt
947 3338 978 3387 nd
993 3347 1096 3403 tempas,
1112 3345 1140 3386 nt
1155 3336 1269 3403 potiorem
1284 3333 1371 3384 admit·

354 3406 462 3471 Nom]
490 3407 587 3459 Scilicet
614 3407 673 3474 regi.
707 3408 821 3473 loquitur
870 3422 931 3471 tant,
947 3411 973 3460 id
991 3418 1028 3461 est
1045 3409 1177 3476 largiorem.
1198 3408 1262 3476 quod
1282 3409 1370 3476 priores

322 3479 386 3530 enim
407 3480 475 3530 Naso
494 3489 522 3531 ut
543 3482 673 3532 Munus.
712 3482 761 3531 Sed
779 3500 820 3533 vc·
871 3483 1367 3550 amantesnonlacilenquonnimoscrunt.

322 3554 532 3603 toremlectionern
540 3556 820 3622 megisnpprohomtle·
870 3570 896 3610 et
916 3576 979 3628 sepe
1000 3575 1098 3609 numero
1116 3559 1244 3608 insolenter
1260 3558 1369 3606 obstant:

322 3636 392 3692 gutur
411 3626 485 3678 Justo.
506 3644 561 3678 nem
577 3629 733 3696 justissimum
749 3625 822 3680 luins
870 3635 934 3684 unde
950 3633 1038 3701 puellis
1053 3642 1079 3682 et
1096 3632 1209 3682 damnum
1224 3638 1250 3680 et
1266 3630 1371 3680 dedecus

323 3700 427 3751 Numero
444 3698 546 3753 condat:
564 3711 593 3752 nt
606 3719 654 3753 non
669 3703 785 3752 immerito
798 3704 821 3754 ei
870 3710 968 3774 paritur.
994 3709 1026 3757 Se
1043 3706 1116 3756 telem
1137 3706 1185 3754 lore
1202 3713 1275 3767 negat
1294 3704 1371 3766 Naso,

323 3775 397 3825 Pactu
411 3776 471 3842 justi
487 3778 609 3845 epitheton
625 3777 727 3828 dederit.
753 3778 822 3828 Dixit
871 3782 913 3847 qni
925 3782 1065 3832 aritiensis
1077 3779 1123 3828 sit:

321 3849 385 3899 enirn
400 3850 482 3901 livius
494 3852 555 3902 libro
570 3852 822 3919 primonbnrbecon·
904 3853 1371 3921 &pesnadominnuperspeltused

322 3922 388 3974 dita:
418 3925 513 3990 Inclyta
533 3930 632 3990 justitia
651 3928 774 3992 religioque
795 3943 822 3976 sc
1221 3926 1337 3975 Msnrus.

323 4000 542 4062 tenpestateNm
553 4001 660 4063 Pompilii
670 4010 730 4050 mr.
754 3999 819 4049 Curi·
905 4003 947 4050 27.
963 4001 1112 4066 suntnihi]
1138 3999 1196 4049 Tres
1215 3998 1305 4064 scripti,
1324 4003 1371 4049 tint

323 4073 823 4134 tussottehtotiuoarcmtnsummtr‚
873 4078 923 4134 tihi,
942 4075 1006 4142 qnod
1025 4076 1161 4143 amplector.
1180 4074 1229 4123 duo
1248 4073 1298 4131 alii,
1317 4085 1372 4124 tunt

323 4157 351 4195 st
368 4150 394 4197 ln
408 4150 453 4197 illc
473 4150 566 4212 quisquo
582 4157 709 4197 etatem
725 4159 824 4212 poterat,
874 4152 924 4208 tihi,
937 4165 1006 4207 unns,
1020 4152 1067 4198 sint
1079 4150 1143 4198 nihi
1161 4148 1294 4197 Husuns.
1315 4149 1371 4198 Non

323 4225 394 4270 mir
403 4226 477 4273 divini
487 4233 556 4287 orpus
566 4224 736 4287 lumsijcn's.
761 4224 825 4274 Hinc
873 4223 965 4290 cepisse
980 4238 1076 4273 sensnm
1090 4221 1262 4271 emendetionie
1275 4221 1371 4272 Heinsi-

324 4294 366 4358 (ut
375 4295 516 4346 Plutarchus
531 4295 578 4360 ait)
594 4295 715 4348 honestius
731 4312 824 4348 comor-
874 4314 927 4347 ann
938 4296 1032 4346 videtur
1042 4295 1219 4362 Crispinus,qni
1229 4296 1371 4353 osculetur

325 4367 385 4417 tintn
405 4369 548 4435 degustsvit,
568 4368 722 4438 &vinumque
742 4373 824 4438 conju·
874 4371 940 4438 apud
960 4380 985 4420 tc
1002 4370 1107 4420 carmin·
1126 4370 1206 4420 felicit
1222 4370 1275 4420 loco
1292 4373 1371 4436 magni

325 4441 392 4505 giem
401 4444 496 4493 meruit.
517 4446 632 4496 Murus.
873 4463 968 4504 census,
986 4445 1039 4495 hec
1059 4455 1086 4495 tn
1105 4446 1180 4514 pluris
1199 4446 1279 4504 facim,
1299 4463 1371 4513 quern

358 4516 401 4564 Μ.
413 4516 552 4567 Tcdrsstin
567 4521 658 4585 nodio]
689 4521 719 4570 Te
734 4524 826 4571 docete
874 4536 973 4572 munera
990 4528 1015 4570 et
1030 4521 1132 4579 divitias,
1147 4521 1234 4588 quinus
1251 4522 1291 4572 alii
1306 4538 1370 4573 ants·

327 4591 398 4638 medio
415 4590 569 4644 emessam
586 4604 611 4644 et
626 4596 733 4646 Francos.
752 4604 778 4645 ut
795 4596 826 4645 sit
876 4606 938 4647 tores
948 4596 1040 4664 puellas
1050 4613 1104 4647 suns
1114 4597 1212 4647 lucium.

966 4679 1036 4727 eet
