3600 5925
583 747 843 814 HEROIDES.
868 749 938 814 ΕΡ.
962 750 1072 817 XXI.
1286 753 1352 819 289

311 926 459 1022 Cogere
476 945 544 996 eur
560 922 697 1019 potius,
718 944 832 1020 quem
850 924 1087 1020 persuadere,
1106 926 1268 1012 volebas,

363 1041 404 1114 Si
423 1049 591 1139 poteram
608 1038 737 1114 audite
752 1039 969 1115 conditione
985 1041 1097 1140 capii

312 1154 414 1240 Quid
430 1155 500 1229 tibi
517 1177 616 1230 nune
634 1153 788 1253 prodest
799 1156 952 1252 jurandi
968 1155 1126 1231 formula
1136 1158 1245 1254 juris,

363 1270 582 1369 Linguaque
599 1282 822 1369 praesentem
838 1271 1040 1350 testificata
1057 1274 1205 1349 Deum?

220 1378 237 1424 ‘⁴
312 1385 406 1471 Quae
419 1389 534 1485 jurat,
551 1410 659 1461 mens
676 1398 755 1462 est:
783 1388 834 1462 nil
852 1390 1126 1487 conjuravimus
1143 1390 1230 1478 ills;
1281 1394 1348 1464 135

362 1502 433 1577 lua
448 1503 562 1578 fidem
578 1502 690 1578 dietis
706 1503 844 1578 addere
861 1505 942 1580 sola
958 1516 1095 1604 potest.

312 1617 521 1692 Consilium
537 1618 780 1717 prudensque
796 1619 910 1693 animi
927 1622 1115 1696 sententia
1127 1623 1240 1720 jur-st,

363 1733 414 1809 Et
430 1735 501 1808 nisi
514 1734 648 1832 judieii
661 1735 811 1809 vincula
826 1736 929 1811 nulla
943 1737 1080 1812 velent.

313 1849 355 1923 Si
371 1850 440 1925 tibi
457 1850 672 1948 eonjugium
685 1850 784 1924 volui
801 1851 1018 1948 promittere
1035 1863 1225 1940 nostrum3

362 1964 485 2064 Exige
502 1965 658 2067 polliciti
675 1966 804 2042 debita
815 1968 904 2064 jura
918 1967 1012 2042 tori:
1281 1971 1350 2039 140

312 2083 390 2157 Sed
407 2085 439 2157 si
456 2084 508 2157 nil
524 2083 709 2169 dedimus,
727 2093 865 2181 proeter
880 2083 963 2158 sine
979 2095 1132 2182 pectore
1149 2107 1300 2170 vocem3

359 2197 486 2273 Verba
501 2198 580 2272 suis
596 2197 733 2271 frustra
748 2197 887 2272 viribus
905 2198 998 2272 orba
1013 2209 1132 2274 tenes.

311 2314 347 2389 N
349 2340 398 2389 ou
416 2338 488 2412 ego
501 2315 644 2412 juravi:
672 2314 747 2412 legi
759 2314 927 2411 jurantis
942 2315 1068 2389 verba.

358 2430 426 2504 Vir
442 2431 532 2506 mihi
550 2455 624 2506 noo
641 2431 715 2506 isto
730 2454 834 2505 more
850 2431 1035 2529 legendus
1053 2454 1148 2506 eros.

312 2547 454 2646 Decipe
471 2546 526 2620 sie
543 2546 657 2621 alias:
685 2546 866 2621 succedat
881 2548 1043 2645 epistola
1058 2570 1183 2646 pomo.
1280 2548 1348 2618 145

362 2663 404 2737 Si
420 2664 519 2738 velet
536 2663 629 2752 hoo;
658 2686 812 2760 magnas
830 2663 955 2738 divitis
971 2663 1076 2738 auser
1089 2686 1193 2762 opes.

313 2777 401 2865 Fae,
415 2780 544 2876 jurent
560 2777 688 2875 Reges
705 2801 832 2853 suase
849 2778 919 2853 tibi
935 2802 1052 2877 regns
1067 2779 1241 2864 daturos;

363 2893 497 2992 Sitque
514 2904 632 2981 tuum,
650 2905 730 2969 toto
746 2894 932 2994 quidquid
948 2896 987 2971 in
1003 2897 1095 2972 orbe
1110 2896 1248 2996 placet.
1350 2899 1353 2908 '

313 3008 435 3108 Major
452 3035 493 3085 es
511 3011 582 3085 hec
599 3010 683 3110 ipss
702 3012 819 3087 multo
837 3012 945 3109 (mihi
963 3012 1092 3107 crede)
1112 3012 1249 3095 Dionis,

362 3126 403 3199 Si
418 3136 484 3200 tua
500 3135 577 3200 tum
594 3149 760 3224 praesens
776 3126 885 3202 litera
900 3152 1039 3203 numen
1056 3128 1182 3202 habet.
1280 3128 1349 3197 150

310 3242 409 3316 Cum
426 3254 552 3317 tumen
570 3244 651 3317 haec
668 3243 759 3331 dixi,
778 3268 865 3317 cum
883 3267 945 3319 me
961 3244 1030 3318 tibi
1047 3244 1153 3317 firmo
1170 3240 1315 3340 negavi,

359 3359 458 3432 Cum
475 3359 573 3434 bene
587 3360 759 3459 promissi
776 3384 912 3437 caussa
928 3372 1082 3460 peracta
1097 3359 1173 3437 mei
1189 3370 1269 3447 est;

310 3474 514 3561 Confiteor,
533 3474 646 3549 timeo
663 3499 771 3549 saevae
791 3474 967 3552 Latoidos
984 3478 1098 3552 iram:

362 3587 412 3663 Et
428 3613 565 3688 corpus
581 3591 667 3666 laedi
685 3591 855 3689 suspicor
872 3594 959 3668 inde
977 3618 1115 3668 meum.

311 3703 410 3802 Nem
428 3728 555 3804 quare,
574 3707 721 3804 quoties
739 3707 890 3783 socialia
907 3732 1014 3784 sacro
1030 3717 1219 3808 parantur,
1278 3708 1346 3777 155
1468 3724 1473 3735 ’

360 3820 397 3894 N
398 3831 543 3919 upturae
560 3822 672 3897 toties
689 3822 866 3918 languide
882 3825 1051 3898 membra
1066 3820 1231 3897 eadunt?

343 4141 399 4190 135.
417 4140 556 4203 mejam,
567 4138 693 4202 nrum]
710 4139 805 4189 Ailodit
853 4139 1346 4196 luditrdiorrnulsmmsnimimresria.

309 4214 339 4263 ad
350 4214 472 4278 volgatum
480 4228 573 4264 versun
582 4212 701 4279 Euripid‘·
707 4213 804 4279 Hippoi.
853 4215 884 4264 de
894 4230 943 4280 qun
952 4212 1007 4264 ride
1018 4213 1050 4264 td
1059 4213 1157 4261 Person.
1168 4227 1222 4278 esp.
1232 4211 1280 4262 cix.

307 4288 366 4337 612.
398 4285 429 4337 ‘u
445 4287 536 4355 ymos·
546 4285 663 4353 W'v
675 4286 693 4347 ἡ
703 4285 728 4337 dr
739 4289 804 4354 φρὴν
888 4289 945 4338 141.
962 4287 1016 4337 Sino
1026 4296 1116 4350 parm
1133 4286 1227 4350 soem]
1242 4285 1282 4336 Sic
1292 4284 1346 4335 vir-

307 4360 446 4425 dvriporoc.
462 4363 604 4413 Μκτιιυι.
627 4361 689 4411 Vide
699 4360 733 4411 ibi
745 4362 803 4411 Ber·
853 4361 925 4427 gilius
934 4358 995 4411 dixit
1003 4379 1027 4410 x.
1038 4359 1137 4410 AEneid.
1148 4361 1206 4410 640.
1240 4362 1289 4409 Dar
1299 4364 1347 4410 rise

310 4433 369 4482 nerii
380 4443 456 4483 noros.
851 4446 926 4485 mente
934 4453 1021 4485 rom.
1039 4435 1064 4484 id
1080 4443 1115 4484 est
1125 4436 1197 4485 verbs
1211 4436 1299 4501 ubsque
1307 4435 1346 4501 jo·

346 4507 401 4554 137.
421 4507 524 4557 rmum
534 4513 604 4559 anisii
614 4510 746 4574 sententio]
759 4510 801 4558 ΑΙ·
852 4508 1238 4576 dicioetcmnvolunoreprorau.
1250 4512 1346 4560 Mrers.
