3600 5925
572 780 833 848 HEROIDES.
865 779 937 847 ΕΡ.
960 779 1105 849 xvlll.
1293 788 1360 855 253

312 956 441 1030 AEstus
465 954 589 1029 adhuc
616 966 744 1029 tamen
771 965 841 1029 est.
868 954 961 1052 quid
989 978 1076 1028 cum
1102 956 1192 1030 mihi
1218 959 1356 1036 laeserit

461 1094 590 1168 aequor

361 1186 478 1273 Plias,
497 1196 536 1260 et
553 1185 825 1283 Arctophylax,
847 1184 1103 1283 Oleniumque
1120 1190 1255 1284 pecus!

310 1300 388 1374 Aut
405 1325 476 1397 ego
494 1324 569 1373 non
586 1300 684 1386 novi,
704 1324 818 1398 quarn
836 1299 885 1372 sit
902 1300 1142 1390 temerarius3
1172 1313 1238 1376 ant
1256 1328 1316 1377 me

360 1414 405 1489 ln
423 1416 518 1490 freta
534 1440 609 1489 non
626 1426 779 1489 cautum
796 1426 885 1488 tunc
905 1437 1057 1513 quoque
1074 1416 1190 1491 mittit
1206 1417 1335 1493 Amor.

310 1529 416 1606 Neve
438 1542 549 1629 putes
580 1531 618 1603 id
646 1553 719 1616 me,
743 1529 845 1627 quod
871 1530 991 1617 abest,
1019 1531 1236 1628 promittere
1256 1544 1352 1609 tem-

457 1671 546 1745 pus:
1282 1652 1349 1724 191

359 1760 524 1858 Pignora
539 1759 696 1857 polliciti
714 1783 789 1831 non
807 1758 876 1832 tibi
893 1760 1002 1832 tarda
1017 1758 1128 1833 dabo.

310 1873 369 1949 Sit
385 1876 570 1949 tumidum
588 1873 718 1972 paucis
736 1873 849 1946 etiam
868 1897 968 1947 nunc
986 1875 1161 1949 noctibus
1179 1900 1325 1973 aequor3

358 1989 419 2065 Ire
437 2015 505 2089 per
522 1990 654 2063 invitas
673 1989 911 2086 experiemur
928 2012 1059 2086 aquas,

306 2104 385 2180 Aut
401 2106 491 2178 mihi
509 2105 702 2200 continget
719 2103 810 2176 felix
828 2103 988 2177 audacia
1004 2105 1129 2179 salvo:
1282 2112 1350 2183 195

355 2220 433 2294 Aut
449 2245 549 2293 mors
567 2219 716 2293 solliciti
733 2219 818 2291 finis
837 2220 975 2292 amoris
993 2220 1076 2293 erit.

308 2334 458 2434 Optabo
475 2347 614 2422 tamen,
634 2347 675 2408 ut
692 2345 818 2433 partes
837 2334 1007 2431 expellar
1025 2334 1063 2405 in
1081 2334 1185 2422 illas;

355 2450 407 2525 Et
422 2463 576 2526 teneant
593 2462 723 2550 portus
741 2448 924 2546 naufraga
939 2450 1109 2523 membra
1124 2461 1222 2525 tuos.

307 2565 431 2641 Flebis
449 2569 561 2655 enirn,
580 2579 761 2664 tactuque
779 2590 906 2639 meum
924 2566 1129 2661 dignabere
1147 2590 1304 2666 corpus:

354 2681 416 2768 Et,
436 2681 585 2770 Mortis,
604 2684 720 2768 dices,
740 2683 827 2756 huic
846 2706 918 2779 ego
936 2706 1073 2756 caussa
1089 2682 1153 2755 fui.
1261 2687 1348 2760 '200

306 2797 461 2872 Scilicet
478 2801 649 2873 interitus
668 2799 867 2873 offenderis
886 2799 1009 2873 omine
1027 2798 1165 2872 nostri:

355 2911 555 3013 Literaque
575 2915 693 2988 invisa
708 2925 766 2989 est
783 2915 854 2988 hac
872 2938 959 2988 mea
975 2923 1080 3011 parte
1097 2912 1179 2987 tibi.

304 3026 468 3119 Desin03
497 3055 610 3129 parce
625 3030 743 3127 queri.
772 3030 840 3103 sed
857 3039 897 3102 et
914 3040 956 3101 ut
974 3053 1076 3103 mare
1093 3028 1199 3103 finiat
1216 3029 1319 3117 iram,

352 3142 560 3232 Accedant,
581 3168 723 3242 quaes0‚
743 3144 802 3223 sac
821 3155 887 3218 tua
904 3154 992 3217 vota
1008 3144 1114 3218 meis.

337 3401 391 3449 187.
410 3401 467 3449 Cum
478 3399 649 3464 athilwin]
669 3400 799 3448 Commodo
848 3399 912 3448 libri.
939 3401 1011 3448 bene¹
1056 3398 1188 3448 linuatus.
1233 3400 1347 3465 legerem

301 3475 381 3521 terent
399 3474 495 3523 volebat
512 3474 636 3523 mnus:
661 3473 729 3529 illud,
743 3476 799 3543 mili
847 3473 929 3532 enam,
943 3491 989 3522 non
1007 3482 1100 3522 ceritum
1115 3475 1228 3531 tuuc,vel
1246 3476 1346 3541 quirin

301 3549 383 3596 luerit
409 3564 490 3610 equor,
511 3548 569 3596 mibi
591 3557 725 3614 suspectum
751 3556 797 3596 est.
847 3547 952 3597 Juniauo
968 3557 1103 3610 ert,cuptus
1113 3551 1174 3610 jum,
1190 3566 1235 3597 uon
1252 3560 1346 3597 euenum

301 3620 360 3670 tone
378 3624 478 3677 cluserit,
487 3638 530 3687 pro
538 3623 654 3670 clauserit.
689 3622 798 3669 Clauum
839 3627 902 3685 jum.
912 3622 967 3670 inlr.
977 3623 1035 3671 210.

299 3694 580 3761 equorquidsitnotum.
596 3694 798 3762 appositeManil.
882 3695 946 3744 Tunc
966 3699 1032 3761 piger
1048 3698 1079 3743 ad
1096 3697 1208 3749 mnrium,
1230 3703 1286 3743 tune
1306 3712 1346 3758 ego

299 3771 317 3818 i.
330 3769 385 3820 365.
911 3779 993 3817 cautus
1002 3787 1047 3817 ero.

333 3844 396 3893 Tunc
406 3846 502 3892 naleuut
512 3847 577 3902 ledi,
586 3847 716 3894 claudentes
725 3846 798 3891 siden
879 3842 909 3890 ln
919 3843 1006 3891 Moreti
1016 3850 1076 3897 erat,
1086 3840 1187 3905 Infreta
1197 3858 1242 3888 nou
1252 3850 1346 3889 cautim

361 3922 455 3982 pontum
847 3918 940 3963 turbido
950 3917 1024 3963 mittat
1031 3931 1103 3962 umor.
1112 3914 1243 3976 eleganter.
1255 3913 1344 3963 Bunrr.

333 3991 582 4041 Nobun—
675 3990 764 4036 Boou.
880 3988 937 4037 199.
957 3987 1094 4052 Tantum]
1113 3986 1226 4035 Francius
1234 3986 1345 4051 conjicie-

335 4066 387 4115 189.
405 4069 452 4114 Aut
461 4083 502 4132 ego
513 4083 557 4113 non
569 4066 629 4118 noui,
639 4081 705 4125 prtum
716 4064 756 4109 rim
764 4072 795 4109 te·
846 4061 889 4109 bat
896 4065 1018 4125 jactuque,
1035 4061 1088 4109 scil.
1106 4075 1192 4115 menta,
1209 4073 1258 4123 qna
1272 4059 1344 4109 enda·

299 4141 431 4205 mcum]
451 4142 526 4197 Quam
537 4143 567 4189 sit
583 4154 638 4187 cum
651 4135 797 4185 Scriverim
846 4149 903 4183 vcra
920 4134 997 4199 ejecta
1014 4144 1094 4198 tegere
1110 4132 1227 4181 solebant.
1249 4133 1291 4181 aed
1310 4133 1345 4184 ita

298 4223 323 4262 et
332 4229 379 4263 uuo
389 4213 494 4263 Fumoeii
510 4212 647 4278 legendum.
665 4210 695 4258 de
707 4209 795 4257 Amore
838 4212 910 4270 jactu
919 4207 1027 4255 absolute
1036 4221 1122 4270 ponere
1132 4204 1217 4253 durum
1227 4214 1264 4255 est
1273 4216 1298 4256 et
1307 4206 1343 4257 in-

298 4300 373 4336 sumo
388 4298 433 4337 est.
465 4287 547 4338 Amor.
563 4286 607 4335 lib.
626 4285 644 4334 i.
663 4282 702 4331 El.
719 4282 746 4332 ii.
763 4282 793 4331 ad
844 4279 932 4330 colens.

298 4359 455 4425 Cupidinem:
876 4354 933 4402 200.
952 4350 1057 4414 Morta]
1078 4350 1151 4398 Morti
1167 4350 1263 4408 Moreti‚
1278 4353 1341 4417 quod

333 4432 390 4481 Tuus
407 4450 490 4497 quoquo
507 4450 551 4482 nou
566 4434 689 4495 puucoeni
708 4440 730 4478 te
741 4432 794 4479 bena
844 4427 1156 4490 molliusobseqneusdiees.
1167 4426 1218 4476 vid.
1228 4426 1342 4480 iiAmor.

363 4510 470 4563 neuim
480 4523 540 4556 um.
844 4502 877 4552 vi.
889 4503 930 4550 31.
938 4508 963 4549 et
973 4500 989 4549 i.
1001 4499 1072 4548 Pont.
1082 4497 1109 4548 ii.
1122 4499 1160 4548 17.

296 4580 410 4644 Sequenti
419 4580 491 4630 etiam
503 4596 578 4636 versu,
590 4596 634 4627 uon
644 4587 735 4628 cautum
746 4587 793 4626 tres
