3600 5925
455 746 520 811 4³⁰
749 746 788 809 Ρ.
812 743 973 810 OVIDII
998 744 1208 810 NASONIS

456 919 523 1004 Te,
543 918 640 1004 Dea,
660 917 874 991 munificam
888 929 1020 1012 gentes
1032 917 1257 1014 ubicumque
1271 920 1472 1018 loquuntur
1486 947 1494 995 :

507 1033 545 1107 N
547 1059 590 1109 ec
609 1035 731 1108 minus
748 1034 919 1108 humanis
937 1033 1076 1107 inridet
1094 1034 1169 1107 ulla
1182 1034 1302 1109 bouis.
1469 1042 1493 1109 6

457 1153 557 1225 Ante
574 1174 644 1225 uec
660 1151 791 1225 hirsuti
809 1151 1000 1225 torrebant
1015 1150 1111 1225 sarra
1126 1152 1265 1225 coloni:

509 1265 545 1339 N
548 1290 591 1341 ec
611 1276 738 1340 notum
756 1266 863 1340 terris
880 1289 967 1340 area
984 1289 1119 1340 nomeu
1136 1277 1227 1340 erat.

460 1382 537 1456 Sed
554 1382 728 1477 glandem
747 1406 921 1479 quercus,
941 1383 1092 1457 oracula
1108 1382 1238 1481 prima,
1257 1382 1435 1458 serebant.

506 1496 600 1572 Haec
618 1508 709 1585 erat,
728 1507 767 1571 et
783 1498 902 1572 teneri
919 1497 1073 1596 cespitis
1091 1497 1218 1583 herba,
1237 1498 1357 1572 cibus.

458 1612 585 1688 Prima
602 1613 720 1688 Ceres
734 1612 863 1687 docuit
878 1625 1091 1711 turgescere
1109 1637 1237 1689 semen
1255 1614 1293 1686 iu
1310 1615 1425 1709 agris3

507 1728 619 1802 Falce
636 1729 818 1804 coloratas
835 1729 1101 1825 subsecuitque
1118 1752 1257 1802 comas.

457 1843 585 1918 Prima
595 1846 695 1942 jugo*
705 1855 830 1918 taurus
848 1867 1058 1942 supponere
1076 1844 1173 1917 colla
1188 1843 1327 1940 coegit;

507 1957 557 2033 Et
573 1970 738 2034 veterem
754 1983 866 2034 curvo
883 1957 996 2034 deute
1014 1957 1156 2032 revellit
1173 1959 1339 2032 humum.

457 2078 565 2154 Hanc
583 2080 783 2178 quisquam
796 2077 958 2153 lacrimis
968 2076 1083 2151 laetari
1092 2076 1212 2150 credit
1221 2085 1421 2160 amantum,
1446 2079 1488 2148 15

506 2194 558 2270 Et
573 2196 669 2271 bene
687 2195 880 2270 tormentis
897 2192 1146 2289 secubituque
1162 2191 1260 2266 coli?

457 2308 539 2385 Nec
556 2321 683 2384 tamen
700 2323 759 2385 est
774 2310 962 2408 (quumvis
979 2332 1089 2404 agros
1106 2318 1206 2382 amet
1222 2307 1286 2381 illa
1303 2306 1459 2399 feraces)

506 2424 680 2499 Rustica:
709 2448 778 2498 nec
795 2423 949 2497 viduum
967 2433 1101 2522 pectus
1118 2423 1253 2497 amoris
1271 2423 1396 2496 babet.

456 2538 588 2613 Cretes
605 2549 714 2613 erunt
730 2550 864 2627 testes;
894 2563 963 2612 nec
981 2538 1127 2633 fingunt
1144 2538 1267 2611 omnia
1285 2537 1435 2611 Cretes:

504 2653 649 2741 Cretes,
668 2655 806 2728 nutrito
824 2666 923 2729 terra
939 2654 1103 2753 superba
1118 2653 1224 2728 Jove.
1439 2658 1487 2723 20

457 2769 551 2854 Illic,
570 2770 753 2845 sideream
770 2771 898 2845 mundi
917 2771 982 2868 qui
999 2780 1183 2870 temperat
1199 2793 1334 2854 arcem,

508 2883 677 2984 Exiguus
694 2897 822 2962 tenero
839 2888 897 2964 lac
916 2888 1011 2961 bibit
1026 2912 1090 2962 ore
1108 2911 1212 2986 puer.

456 3000 598 3098 Magna
613 3002 707 3077 fides
724 3005 832 3078 testi:
859 3004 966 3078 testis
983 3003 1155 3078 laudatur
1172 3003 1333 3077 alumno.

506 3115 703 3191 Fassuram
722 3116 901 3192 Cererem
917 3119 1073 3192 crimina
1089 3131 1178 3193 nota
1194 3129 1297 3217 puto.

456 3228 609 3304 Viderat
627 3231 767 3305 liisium
787 3232 935 3308 Cretaet
955 3232 1051 3306 Diva
1067 3234 1138 3306 sub
1157 3232 1227 3306 Idri
1440 3234 1486 3302 25

505 3344 699 3442 Figentem
717 3349 821 3422 certi
839 3358 945 3444 terga
961 3347 1077 3421 serius
1093 3371 1217 3421 mauu.

486 3517 570 3567 &Nec
585 3522 779 3569 minerbensis
798 3521 883 3568 invidet
904 3521 947 3568 illc
1031 3520 1068 3568 19.
1080 3518 1128 3568 Nec
1135 3518 1256 3584 fingunt]
1283 3517 1343 3566 Tele
1359 3515 1486 3581 quippiam.

453 3590 538 3655 boum]
572 3592 675 3643 Omnino
691 3609 721 3643 ex
739 3592 889 3658 manuscripti
906 3608 946 3641 co·
996 3593 1040 3642 uisi
1060 3593 1133 3641 falsus
1149 3607 1210 3648 sum,
1231 3589 1294 3656 apud
1314 3591 1484 3640 Callimachum

454 3662 661 3716 diciseuctoritete
676 3664 802 3732 legendum
817 3674 862 3722 est,
881 3665 947 3715 luri·
996 3682 1034 3717 me
1051 3666 1135 3731 legisse
1153 3664 1258 3714 memini.
1273 3680 1318 3714 nec
1337 3664 1406 3714 facile
1423 3665 1486 3713 loeus

454 3739 492 3785 der
503 3740 561 3787 ulle.
571 3748 598 3787 ut
607 3739 638 3788 tit
647 3756 729 3790 seusus
739 3739 811 3795 idem,
823 3738 864 3803 qui
881 3739 946 3788 etin
994 3740 1068 3789 subit.
1088 3740 1223 3789 Crousus.
1244 3739 1287 3787 Est
1301 3738 1326 3787 iu
1348 3739 1442 3803 Hymen
1461 3738 1485 3786 iu

454 3809 566 3876 superiori
576 3811 693 3861 termine:
705 3812 792 3861 nuum
801 3812 947 3870 emnem,
995 3814 1080 3863 Jcrem
1090 3829 1151 3863 vers.
1164 3815 1189 3863 8.
1201 3812 1242 3862 ubi
1253 3812 1306 3861 ride
1317 3812 1461 3878 iuter-preter.

454 3899 507 3947 que
527 3885 602 3951 megia
623 3886 704 3952 cupiat
727 3885 859 3935 mortalium
882 3902 947 3936 com·
1028 3889 1068 3936 20.
1090 3886 1283 3949 cummim]
1313 3886 1379 3935 Crete
1399 3887 1484 3935 Putea-

454 3958 531 4015 uroda,
541 3975 613 4025 quam
625 3960 711 4010 Ceres:
728 3958 816 4009 idcirco
831 3975 892 4025 pene
909 3960 945 4010 iu·
995 3975 1064 4010 uem.
1087 3961 1153 4010 Crete
1168 3970 1200 4009 nt
1217 3960 1346 4010 Palatium
1365 3959 1405 4008 md
1426 3959 1485 4007 nibil

452 4031 564 4083 credibile
575 4050 634 4091 eme,
647 4044 674 4083 ut
689 4043 809 4083 umectum
825 4034 947 4083 tormentis
996 4050 1102 4085 necesse.
1111 4034 1239 4084 credebaut
1248 4034 1312 4084 euim
1321 4033 1415 4087 librarii,
1425 4034 1482 4081 Cre·

452 4113 477 4152 et
487 4104 613 4170 lachrymis
621 4106 733 4173 gaudeat.
750 4107 864 4156 Murrus.
880 4107 945 4157 Inui·
996 4120 1027 4159 ter
1043 4126 1090 4158 nou
1105 4120 1169 4158 recte
1185 4124 1251 4175 poue
1267 4124 1308 4175 per
1318 4107 1483 4173 appetitioni

454 4180 787 4232 rimarasmviietduo
799 4181 850 4231 uti.
996 4193 1080 4232 terrm
1100 4183 1158 4233 dici
1176 4184 1218 4233 eu
1238 4183 1272 4233 itu
1293 4191 1317 4231 et
1333 4180 1364 4230 ir.
1379 4181 1483 4231 Metam.

487 4254 524 4302 15.
542 4254 635 4320 Rides]
654 4256 730 4306 Vetus
745 4256 816 4306 lectio
831 4265 875 4313 eet,
889 4256 945 4307 Cro·
995 4257 1053 4305 668.

450 4325 504 4371 dur:
521 4334 545 4375 et
561 4327 595 4378 tie
610 4329 705 4379 omniuo
720 4330 856 4396 legendum.
872 4341 900 4381 ut
915 4331 947 4380 sit
1026 4328 1370 4394 AEtbbpmmcpbr'ic
1379 4329 1484 4390 conspicit

451 4411 545 4448 renum:
564 4401 683 4452 Credibile
694 4420 741 4454 ucu
750 4420 811 4461 esee.
823 4413 871 4453 tem
885 4403 945 4453 libe·
1056 4420 1123 4455 um.
1365 4401 1452 4451 Bm.

449 4468 557 4520 meum
569 4474 651 4524 mitem
668 4477 745 4526 Deum
761 4478 837 4527 lotari
852 4477 943 4527 crucie-
1024 4477 1064 4526 22
1084 4476 1176 4526 Viderat
1187 4474 1485 4524 resacrambam

449 4538 513 4591 tibur
522 4553 547 4593 et
556 4548 676 4598 tumentis
685 4562 815 4601 amantum.
830 4553 944 4601 Maurus.
994 4549 1059 4613 lde]
1076 4551 1147 4605 Hunc
1157 4550 1245 4603 litium
1255 4550 1295 4599 dii
1306 4547 1484 4615 qmdmlbdo·
