<?xml version="1.0" encoding="UTF-8"?>
<!DOCTYPE html PUBLIC "-//W3C//DTD XHTML 1.0 Transitional//EN"
    "http://www.w3.org/TR/xhtml1/DTD/xhtml1-transitional.dtd">
<html xmlns="http://www.w3.org/1999/xhtml" xml:lang="en" lang="en">
 <head>
  <title>
</title>
<meta http-equiv="Content-Type" content="text/html;charset=utf-8" />
  <meta name='ocr-system' content='tesseract 3.04.00' />
  <meta name='ocr-capabilities' content='ocr_page ocr_carea ocr_par ocr_line ocrx_word'/>
</head>
<body>
  <div class='ocr_page' id='page_1' title='image "./opera00giergoog/opera00giergoog_0551.png"; bbox 0 0 3600 5925; ppageno 0'>
   <div class='ocr_carea' id='block_1_1' title="bbox 35 0 687 2">
    <p class='ocr_par' dir='ltr' id='par_1_1' title="bbox 35 0 687 2">
     <span class='ocr_line' id='line_1_1' title="bbox 35 0 687 2; baseline 0 0"><span class='ocrx_word' id='word_1_1' title='bbox 35 0 687 2; x_wconf 95' lang='lat' dir='ltr'><strong> </strong></span> 
     </span>
    </p>
   </div>
   <div class='ocr_carea' id='block_1_2' title="bbox 514 756 1339 840">
    <p class='ocr_par' dir='ltr' id='par_1_2' title="bbox 514 756 1339 840">
     <span class='ocr_line' id='line_1_2' title="bbox 514 756 1339 840; baseline -0.01 -9"><span class='ocrx_word' id='word_1_2' title='bbox 514 762 657 830; x_wconf 78' lang='lat' dir='ltr'><strong>nnrls</strong></span> <span class='ocrx_word' id='word_1_3' title='bbox 678 758 948 828; x_wconf 70' lang='lat' dir='ltr'><strong>suenorum</strong></span> <span class='ocrx_word' id='word_1_4' title='bbox 970 756 1061 840; x_wconf 71' lang='lat' dir='ltr'><strong>un,</strong></span> <span class='ocrx_word' id='word_1_5' title='bbox 1085 756 1114 820; x_wconf 90' lang='lat'><strong>1.</strong></span> <span class='ocrx_word' id='word_1_6' title='bbox 1275 757 1339 824; x_wconf 76' lang='lat' dir='ltr'><strong>er</strong></span> 
     </span>
    </p>
   </div>
   <div class='ocr_carea' id='block_1_3' title="bbox 302 930 1342 3004">
    <p class='ocr_par' dir='ltr' id='par_1_3' title="bbox 302 930 1342 3004">
     <span class='ocr_line' id='line_1_3' title="bbox 303 930 1264 1033; baseline -0.012 -18"><span class='ocrx_word' id='word_1_7' title='bbox 303 940 505 1017; x_wconf 75' lang='lat' dir='ltr'><strong>Promittas</strong></span> <span class='ocrx_word' id='word_1_8' title='bbox 522 936 652 1014; x_wconf 80' lang='lat' dir='ltr'><strong>lecito:</strong></span> <span class='ocrx_word' id='word_1_9' title='bbox 680 934 774 1033; x_wconf 88' lang='lat' dir='ltr'><strong>quid</strong></span> <span class='ocrx_word' id='word_1_10' title='bbox 790 932 890 1006; x_wconf 90' lang='lat' dir='ltr'><strong>enim</strong></span> <span class='ocrx_word' id='word_1_11' title='bbox 908 930 1123 1030; x_wconf 76' lang='lat' dir='ltr'><strong>promittere</strong></span> <span class='ocrx_word' id='word_1_12' title='bbox 1140 930 1264 1005; x_wconf 81' lang='lat' dir='ltr'><strong>laeditl</strong></span> 
     </span>
     <span class='ocr_line' id='line_1_4' title="bbox 314 1049 1339 1149; baseline -0.018 -13"><span class='ocrx_word' id='word_1_13' title='bbox 314 1132 316 1137; x_wconf 83' lang='grc'>.</span> <span class='ocrx_word' id='word_1_14' title='bbox 352 1055 535 1130; x_wconf 80' lang='lat' dir='ltr'><strong>Pollicitis</strong></span> <span class='ocrx_word' id='word_1_15' title='bbox 551 1053 656 1127; x_wconf 81' lang='lat' dir='ltr'><strong>dives</strong></span> <span class='ocrx_word' id='word_1_16' title='bbox 673 1050 833 1149; x_wconf 84' lang='lat' dir='ltr'><strong>quilibet</strong></span> <span class='ocrx_word' id='word_1_17' title='bbox 849 1071 933 1123; x_wconf 82' lang='lat' dir='ltr'><strong>esse</strong></span> <span class='ocrx_word' id='word_1_18' title='bbox 948 1057 1085 1146; x_wconf 88' lang='lat' dir='ltr'><strong>potest.</strong></span> <span class='ocrx_word' id='word_1_19' title='bbox 1264 1049 1339 1120; x_wconf 89' lang='grc'><strong>444</strong></span> 
     </span>
     <span class='ocr_line' id='line_1_5' title="bbox 303 1161 1337 1271; baseline -0.012 -24"><span class='ocrx_word' id='word_1_20' title='bbox 303 1174 401 1271; x_wconf 84' lang='lat' dir='ltr'>Spes</span> <span class='ocrx_word' id='word_1_21' title='bbox 411 1180 516 1245; x_wconf 89' lang='lat' dir='ltr'><strong>tenet</strong></span> <span class='ocrx_word' id='word_1_22' title='bbox 526 1170 565 1243; x_wconf 90' lang='lat' dir='ltr'><strong>in</strong></span> <span class='ocrx_word' id='word_1_23' title='bbox 579 1178 740 1265; x_wconf 87' lang='lat' dir='ltr'><strong>tempus,</strong></span> <span class='ocrx_word' id='word_1_24' title='bbox 755 1163 873 1240; x_wconf 83' lang='lat' dir='ltr'><strong>semel</strong></span> <span class='ocrx_word' id='word_1_25' title='bbox 886 1173 946 1237; x_wconf 87' lang='lat' dir='ltr'><strong>est</strong></span> <span class='ocrx_word' id='word_1_26' title='bbox 955 1163 987 1238; x_wconf 90' lang='lat' dir='ltr'><strong>si</strong></span> <span class='ocrx_word' id='word_1_27' title='bbox 999 1161 1153 1248; x_wconf 86' lang='lat' dir='ltr'><strong>credita,</strong></span> <span class='ocrx_word' id='word_1_28' title='bbox 1166 1162 1337 1258; x_wconf 66' lang='lat' dir='ltr'><strong>longum}</strong></span> 
     </span>
     <span class='ocr_line' id='line_1_6' title="bbox 353 1277 1302 1385; baseline -0.008 -24"><span class='ocrx_word' id='word_1_29' title='bbox 353 1287 424 1361; x_wconf 81' lang='lat' dir='ltr'><strong>Illa</strong></span> <span class='ocrx_word' id='word_1_30' title='bbox 440 1285 595 1385; x_wconf 88' lang='lat' dir='ltr'><strong>quidem</strong></span> <span class='ocrx_word' id='word_1_31' title='bbox 611 1282 738 1368; x_wconf 81' lang='lat' dir='ltr'><strong>fallax,</strong></span> <span class='ocrx_word' id='word_1_32' title='bbox 757 1280 825 1355; x_wconf 88' lang='lat' dir='ltr'><strong>sed</strong></span> <span class='ocrx_word' id='word_1_33' title='bbox 841 1289 969 1354; x_wconf 84' lang='lat' dir='ltr'><strong>tamen</strong></span> <span class='ocrx_word' id='word_1_34' title='bbox 986 1289 1075 1377; x_wconf 86' lang='lat' dir='ltr'><strong>apta</strong></span> <span class='ocrx_word' id='word_1_35' title='bbox 1091 1277 1176 1351; x_wconf 84' lang='lat' dir='ltr'><strong>Dea</strong></span> <span class='ocrx_word' id='word_1_36' title='bbox 1191 1288 1262 1354; x_wconf 82' lang='lat' dir='ltr'><strong>est.</strong></span> <span class='ocrx_word' id='word_1_37' title='bbox 1300 1277 1302 1280; x_wconf 72' lang='grc'><strong>’</strong></span> 
     </span>
     <span class='ocr_line' id='line_1_7' title="bbox 303 1395 1188 1498; baseline -0.009 -22"><span class='ocrx_word' id='word_1_38' title='bbox 303 1403 344 1476; x_wconf 89' lang='lat' dir='ltr'><strong>Si</strong></span> <span class='ocrx_word' id='word_1_39' title='bbox 362 1402 510 1477; x_wconf 86' lang='lat' dir='ltr'><strong>dederis</strong></span> <span class='ocrx_word' id='word_1_40' title='bbox 527 1399 681 1498; x_wconf 73' lang='lat' dir='ltr'><strong>aliquid,</strong></span> <span class='ocrx_word' id='word_1_41' title='bbox 699 1397 839 1497; x_wconf 87' lang='lat' dir='ltr'><strong>poteris</strong></span> <span class='ocrx_word' id='word_1_42' title='bbox 856 1396 999 1470; x_wconf 85' lang='lat' dir='ltr'><strong>ratione</strong></span> <span class='ocrx_word' id='word_1_43' title='bbox 1016 1395 1188 1492; x_wconf 84' lang='lat' dir='ltr'><strong>relinqui.</strong></span> 
     </span>
     <span class='ocr_line' id='line_1_8' title="bbox 352 1511 1160 1614; baseline -0.012 -20"><span class='ocrx_word' id='word_1_44' title='bbox 352 1518 588 1594; x_wconf 70' lang='lat' dir='ltr'><strong>Praeteritum</strong></span> <span class='ocrx_word' id='word_1_45' title='bbox 603 1515 741 1602; x_wconf 84' lang='lat' dir='ltr'><strong>tulerit,</strong></span> <span class='ocrx_word' id='word_1_46' title='bbox 760 1512 1039 1614; x_wconf 82' lang='lat' dir='ltr'><strong>perdideritque</strong></span> <span class='ocrx_word' id='word_1_47' title='bbox 1056 1511 1160 1586; x_wconf 90' lang='lat' dir='ltr'><strong>nihil.</strong></span> 
     </span>
     <span class='ocr_line' id='line_1_9' title="bbox 302 1627 1258 1732; baseline -0.007 -24"><span class='ocrx_word' id='word_1_48' title='bbox 302 1634 354 1708; x_wconf 80' lang='lat' dir='ltr'><strong>At</strong></span> <span class='ocrx_word' id='word_1_49' title='bbox 370 1634 472 1732; x_wconf 90' lang='lat' dir='ltr'><strong>quod</strong></span> <span class='ocrx_word' id='word_1_50' title='bbox 489 1657 564 1708; x_wconf 88' lang='lat' dir='ltr'><strong>non</strong></span> <span class='ocrx_word' id='word_1_51' title='bbox 580 1631 742 1717; x_wconf 90' lang='lat' dir='ltr'><strong>dederis,</strong></span> <span class='ocrx_word' id='word_1_52' title='bbox 760 1653 910 1727; x_wconf 86' lang='lat' dir='ltr'><strong>semper</strong></span> <span class='ocrx_word' id='word_1_53' title='bbox 925 1627 1074 1703; x_wconf 75' lang='lat' dir='ltr'><strong>videare</strong></span> <span class='ocrx_word' id='word_1_54' title='bbox 1091 1628 1258 1704; x_wconf 84' lang='lat' dir='ltr'><strong>daturus.</strong></span> 
     </span>
     <span class='ocr_line' id='line_1_10' title="bbox 353 1744 1340 1844; baseline -0.008 -20"><span class='ocrx_word' id='word_1_55' title='bbox 353 1750 417 1824; x_wconf 89' lang='lat' dir='ltr'><strong>Sic</strong></span> <span class='ocrx_word' id='word_1_56' title='bbox 434 1750 626 1825; x_wconf 89' lang='lat' dir='ltr'><strong>dominum</strong></span> <span class='ocrx_word' id='word_1_57' title='bbox 643 1747 780 1822; x_wconf 89' lang='lat' dir='ltr'><strong>sterilis</strong></span> <span class='ocrx_word' id='word_1_58' title='bbox 797 1759 903 1844; x_wconf 70' lang='lat' dir='ltr'><strong>soepe‘</strong></span> <span class='ocrx_word' id='word_1_59' title='bbox 915 1744 1047 1822; x_wconf 83' lang='lat' dir='ltr'><strong>fefellit</strong></span> <span class='ocrx_word' id='word_1_60' title='bbox 1062 1769 1163 1842; x_wconf 86' lang='lat' dir='ltr'><strong>ager.</strong></span> <span class='ocrx_word' id='word_1_61' title='bbox 1266 1747 1340 1818; x_wconf 88' lang='grc'><strong>450</strong></span> 
     </span>
     <span class='ocr_line' id='line_1_11' title="bbox 303 1862 1221 1966; baseline -0.008 -25"><span class='ocrx_word' id='word_1_62' title='bbox 303 1867 380 1954; x_wconf 85' lang='lat' dir='ltr'><strong>Sic,</strong></span> <span class='ocrx_word' id='word_1_63' title='bbox 399 1892 447 1942; x_wconf 93' lang='lat' dir='ltr'><strong>ne</strong></span> <span class='ocrx_word' id='word_1_64' title='bbox 463 1865 680 1966; x_wconf 87' lang='lat' dir='ltr'><strong>perdiderit,</strong></span> <span class='ocrx_word' id='word_1_65' title='bbox 697 1888 772 1938; x_wconf 90' lang='lat' dir='ltr'><strong>non</strong></span> <span class='ocrx_word' id='word_1_66' title='bbox 788 1872 915 1938; x_wconf 78' lang='lat' dir='ltr'><strong>cesset</strong></span> <span class='ocrx_word' id='word_1_67' title='bbox 930 1862 1086 1962; x_wconf 89' lang='lat' dir='ltr'><strong>perdere</strong></span> <span class='ocrx_word' id='word_1_68' title='bbox 1102 1862 1221 1935; x_wconf 89' lang='lat' dir='ltr'><strong>lusor:</strong></span> 
     </span>
     <span class='ocr_line' id='line_1_12' title="bbox 352 1980 1157 2082; baseline -0.005 -26"><span class='ocrx_word' id='word_1_69' title='bbox 352 1982 402 2056; x_wconf 88' lang='lat' dir='ltr'><strong>Et</strong></span> <span class='ocrx_word' id='word_1_70' title='bbox 419 1993 568 2058; x_wconf 84' lang='lat' dir='ltr'><strong>revocat</strong></span> <span class='ocrx_word' id='word_1_71' title='bbox 583 1982 740 2082; x_wconf 79' lang='lat' dir='ltr'><strong>cupidas</strong></span> <span class='ocrx_word' id='word_1_72' title='bbox 758 1982 840 2056; x_wconf 85' lang='lat' dir='ltr'><strong>alea</strong></span> <span class='ocrx_word' id='word_1_73' title='bbox 856 1980 995 2054; x_wconf 85' lang='lat' dir='ltr'><strong>blanda</strong></span> <span class='ocrx_word' id='word_1_74' title='bbox 1011 2002 1157 2053; x_wconf 83' lang='lat' dir='ltr'><strong>manus.</strong></span> 
     </span>
     <span class='ocr_line' id='line_1_13' title="bbox 303 2092 1337 2199; baseline -0.006 -28"><span class='ocrx_word' id='word_1_75' title='bbox 303 2096 387 2173; x_wconf 86' lang='lat' dir='ltr'><strong>Hoc</strong></span> <span class='ocrx_word' id='word_1_76' title='bbox 404 2123 512 2199; x_wconf 91' lang='lat' dir='ltr'><strong>opus,</strong></span> <span class='ocrx_word' id='word_1_77' title='bbox 530 2099 591 2175; x_wconf 84' lang='lat' dir='ltr'><strong>hie</strong></span> <span class='ocrx_word' id='word_1_78' title='bbox 604 2099 713 2172; x_wconf 82' lang='lat' dir='ltr'><strong>labor·</strong></span> <span class='ocrx_word' id='word_1_79' title='bbox 723 2108 799 2171; x_wconf 88' lang='lat' dir='ltr'><strong>est:</strong></span> <span class='ocrx_word' id='word_1_80' title='bbox 828 2096 949 2195; x_wconf 89' lang='lat' dir='ltr'><strong>primo</strong></span> <span class='ocrx_word' id='word_1_81' title='bbox 958 2095 1039 2170; x_wconf 89' lang='lat' dir='ltr'><strong>sine</strong></span> <span class='ocrx_word' id='word_1_82' title='bbox 1051 2117 1204 2168; x_wconf 89' lang='lat' dir='ltr'><strong>munere</strong></span> <span class='ocrx_word' id='word_1_83' title='bbox 1216 2092 1337 2191; x_wconf 83' lang='lat' dir='ltr'><strong>jungi.</strong></span> 
     </span>
     <span class='ocr_line' id='line_1_14' title="bbox 351 2209 1232 2311; baseline -0.006 -24"><span class='ocrx_word' id='word_1_84' title='bbox 351 2213 413 2289; x_wconf 92' lang='lat' dir='ltr'><strong>Ne</strong></span> <span class='ocrx_word' id='word_1_85' title='bbox 429 2214 576 2289; x_wconf 90' lang='lat' dir='ltr'><strong>dederit</strong></span> <span class='ocrx_word' id='word_1_86' title='bbox 592 2214 719 2311; x_wconf 79' lang='lat' dir='ltr'><strong>gratis,</strong></span> <span class='ocrx_word' id='word_1_87' title='bbox 738 2236 824 2310; x_wconf 86' lang='lat' dir='ltr'><strong>quoe</strong></span> <span class='ocrx_word' id='word_1_88' title='bbox 841 2212 959 2298; x_wconf 88' lang='lat' dir='ltr'><strong>dedit,</strong></span> <span class='ocrx_word' id='word_1_89' title='bbox 978 2235 1099 2309; x_wconf 88' lang='lat' dir='ltr'><strong>usque</strong></span> <span class='ocrx_word' id='word_1_90' title='bbox 1115 2209 1232 2286; x_wconf 86' lang='lat' dir='ltr'><strong>dabit.</strong></span> 
     </span>
     <span class='ocr_line' id='line_1_15' title="bbox 302 2325 1339 2425; baseline -0.006 -22"><span class='ocrx_word' id='word_1_91' title='bbox 302 2328 403 2425; x_wconf 79' lang='lat' dir='ltr'><strong>Ergo</strong></span> <span class='ocrx_word' id='word_1_92' title='bbox 420 2339 502 2418; x_wconf 75' lang='lat' dir='ltr'><strong>eet3</strong></span> <span class='ocrx_word' id='word_1_93' title='bbox 530 2340 570 2405; x_wconf 85' lang='lat' dir='ltr'><strong>et</strong></span> <span class='ocrx_word' id='word_1_94' title='bbox 585 2328 733 2402; x_wconf 84' lang='lat' dir='ltr'><strong>blandis</strong></span> <span class='ocrx_word' id='word_1_95' title='bbox 748 2339 940 2425; x_wconf 82' lang='lat' dir='ltr'><strong>peraretur</strong></span> <span class='ocrx_word' id='word_1_96' title='bbox 955 2326 1064 2400; x_wconf 86' lang='lat' dir='ltr'><strong>litera</strong></span> <span class='ocrx_word' id='word_1_97' title='bbox 1078 2325 1201 2400; x_wconf 85' lang='lat' dir='ltr'><strong>verbis</strong></span> <span class='ocrx_word' id='word_1_98' title='bbox 1216 2351 1224 2398; x_wconf 93' lang='lat'><strong>:</strong></span> <span class='ocrx_word' id='word_1_99' title='bbox 1264 2327 1339 2400; x_wconf 83' lang='grc'>455</span> 
     </span>
     <span class='ocr_line' id='line_1_16' title="bbox 352 2441 1242 2543; baseline -0.003 -27"><span class='ocrx_word' id='word_1_100' title='bbox 352 2443 610 2543; x_wconf 85' lang='lat' dir='ltr'><strong>Exploretque</strong></span> <span class='ocrx_word' id='word_1_101' title='bbox 627 2443 784 2530; x_wconf 82' lang='lat' dir='ltr'><strong>animos,</strong></span> <span class='ocrx_word' id='word_1_102' title='bbox 802 2441 999 2542; x_wconf 87' lang='lat' dir='ltr'><strong>primaque</strong></span> <span class='ocrx_word' id='word_1_103' title='bbox 1015 2452 1135 2516; x_wconf 86' lang='lat' dir='ltr'><strong>tentet</strong></span> <span class='ocrx_word' id='word_1_104' title='bbox 1151 2441 1242 2515; x_wconf 57' lang='lat' dir='ltr'><strong>iter«</strong></span> 
     </span>
     <span class='ocr_line' id='line_1_17' title="bbox 303 2557 1134 2659; baseline 0.001 -28"><span class='ocrx_word' id='word_1_105' title='bbox 303 2558 428 2633; x_wconf 83' lang='lat' dir='ltr'><strong>Litera</strong></span> <span class='ocrx_word' id='word_1_106' title='bbox 445 2559 660 2659; x_wconf 88' lang='lat' dir='ltr'><strong>Cydippen,</strong></span> <span class='ocrx_word' id='word_1_107' title='bbox 679 2584 791 2658; x_wconf 89' lang='lat' dir='ltr'><strong>pomo</strong></span> <span class='ocrx_word' id='word_1_108' title='bbox 808 2561 964 2657; x_wconf 79' lang='lat' dir='ltr'><strong>perlata,</strong></span> <span class='ocrx_word' id='word_1_109' title='bbox 983 2557 1134 2633; x_wconf 83' lang='lat' dir='ltr'><strong>fefellit:</strong></span> 
     </span>
     <span class='ocr_line' id='line_1_18' title="bbox 353 2672 1148 2772; baseline -0.004 -24"><span class='ocrx_word' id='word_1_110' title='bbox 353 2673 553 2772; x_wconf 82' lang='lat' dir='ltr'><strong>Insciaque</strong></span> <span class='ocrx_word' id='word_1_111' title='bbox 570 2684 629 2748; x_wconf 82' lang='lat' dir='ltr'><strong>est</strong></span> <span class='ocrx_word' id='word_1_112' title='bbox 644 2675 768 2749; x_wconf 87' lang='lat' dir='ltr'><strong>verbis</strong></span> <span class='ocrx_word' id='word_1_113' title='bbox 785 2685 899 2772; x_wconf 83' lang='lat' dir='ltr'><strong>capta</strong></span> <span class='ocrx_word' id='word_1_114' title='bbox 914 2674 1041 2772; x_wconf 86' lang='lat' dir='ltr'><strong>puella</strong></span> <span class='ocrx_word' id='word_1_115' title='bbox 1057 2672 1148 2746; x_wconf 80' lang='lat' dir='ltr'><strong>suis&#39;.</strong></span> 
     </span>
     <span class='ocr_line' id='line_1_19' title="bbox 303 2789 1331 2886; baseline -0.007 -24"><span class='ocrx_word' id='word_1_116' title='bbox 303 2789 419 2864; x_wconf 90' lang='lat' dir='ltr'><strong>Disce</strong></span> <span class='ocrx_word' id='word_1_117' title='bbox 435 2791 553 2864; x_wconf 87' lang='lat' dir='ltr'><strong>bonas</strong></span> <span class='ocrx_word' id='word_1_118' title='bbox 571 2800 681 2875; x_wconf 86' lang='lat' dir='ltr'><strong>artes,</strong></span> <span class='ocrx_word' id='word_1_119' title='bbox 701 2789 868 2886; x_wconf 88' lang='lat' dir='ltr'><strong>(moneo)</strong></span> <span class='ocrx_word' id='word_1_120' title='bbox 887 2789 1060 2862; x_wconf 84' lang='lat' dir='ltr'><strong>Romana</strong></span> <span class='ocrx_word' id='word_1_121' title='bbox 1071 2790 1266 2885; x_wconf 80' lang='lat' dir='ltr'><strong>juventus3</strong></span> <span class='ocrx_word' id='word_1_122' title='bbox 1328 2849 1331 2854; x_wconf 88' lang='lat'>.</span> 
     </span>
     <span class='ocr_line' id='line_1_20' title="bbox 353 2905 1342 3004; baseline -0.005 -23"><span class='ocrx_word' id='word_1_123' title='bbox 353 2905 441 2981; x_wconf 89' lang='lat' dir='ltr'><strong>Non</strong></span> <span class='ocrx_word' id='word_1_124' title='bbox 456 2915 614 2994; x_wconf 87' lang='lat' dir='ltr'><strong>tantum,</strong></span> <span class='ocrx_word' id='word_1_125' title='bbox 633 2906 797 3004; x_wconf 87' lang='lat' dir='ltr'><strong>trepidos</strong></span> <span class='ocrx_word' id='word_1_126' title='bbox 815 2915 858 2979; x_wconf 88' lang='lat' dir='ltr'><strong>ut</strong></span> <span class='ocrx_word' id='word_1_127' title='bbox 874 2915 1002 2979; x_wconf 82' lang='lat' dir='ltr'><strong>tueare</strong></span> <span class='ocrx_word' id='word_1_128' title='bbox 1020 2927 1115 2978; x_wconf 85' lang='lat' dir='ltr'><strong>reos.</strong></span> <span class='ocrx_word' id='word_1_129' title='bbox 1266 2907 1342 2978; x_wconf 91' lang='grc'><strong>460</strong></span> 
     </span>
    </p>
   </div>
   <div class='ocr_carea' id='block_1_4' title="bbox 302 3005 1339 3465">
    <p class='ocr_par' dir='ltr' id='par_1_4' title="bbox 302 3005 1339 3235">
     <span class='ocr_line' id='line_1_21' title="bbox 302 3005 1339 3122; baseline -0.004 -26"><span class='ocrx_word' id='word_1_130' title='bbox 302 3022 426 3106; x_wconf 85' lang='lat' dir='ltr'><strong>Quam</strong></span> <span class='ocrx_word' id='word_1_131' title='bbox 435 3005 609 3122; x_wconf 85' lang='lat' dir='ltr'><strong>populus,</strong></span> <span class='ocrx_word' id='word_1_132' title='bbox 613 3021 810 3119; x_wconf 82' lang='lat' dir='ltr'><strong>judexque</strong></span> <span class='ocrx_word' id='word_1_133' title='bbox 819 3021 1158 3117; x_wconf 84' lang='lat' dir='ltr'><strong>gravis,lectusque</strong></span> <span class='ocrx_word' id='word_1_134' title='bbox 1168 3031 1339 3107; x_wconf 77' lang='lat' dir='ltr'><strong>senatus3</strong></span> 
     </span>
     <span class='ocr_line' id='line_1_22' title="bbox 352 3136 1152 3235; baseline -0.004 -24"><span class='ocrx_word' id='word_1_135' title='bbox 352 3137 446 3212; x_wconf 85' lang='lat' dir='ltr'><strong>Tam</strong></span> <span class='ocrx_word' id='word_1_136' title='bbox 463 3139 571 3213; x_wconf 91' lang='lat' dir='ltr'><strong>dabit</strong></span> <span class='ocrx_word' id='word_1_137' title='bbox 587 3137 737 3234; x_wconf 91' lang='lat' dir='ltr'><strong>eloquio</strong></span> <span class='ocrx_word' id='word_1_138' title='bbox 753 3136 852 3211; x_wconf 83' lang='lat' dir='ltr'><strong>victa</strong></span> <span class='ocrx_word' id='word_1_139' title='bbox 866 3136 992 3235; x_wconf 86' lang='lat' dir='ltr'><strong>puella</strong></span> <span class='ocrx_word' id='word_1_140' title='bbox 1007 3159 1152 3208; x_wconf 77' lang='lat' dir='ltr'><strong>manue.</strong></span> 
     </span>
    </p>

    <p class='ocr_par' dir='ltr' id='par_1_5' title="bbox 304 3250 1223 3465">
     <span class='ocr_line' id='line_1_23' title="bbox 304 3250 1223 3339; baseline -0.002 -13"><span class='ocrx_word' id='word_1_141' title='bbox 304 3252 381 3326; x_wconf 89' lang='lat' dir='ltr'><strong>Sed</strong></span> <span class='ocrx_word' id='word_1_142' title='bbox 398 3254 540 3328; x_wconf 85' lang='lat' dir='ltr'><strong>lateant</strong></span> <span class='ocrx_word' id='word_1_143' title='bbox 554 3252 672 3339; x_wconf 83' lang='lat' dir='ltr'><strong>vires3</strong></span> <span class='ocrx_word' id='word_1_144' title='bbox 700 3275 769 3327; x_wconf 89' lang='lat' dir='ltr'><strong>nec</strong></span> <span class='ocrx_word' id='word_1_145' title='bbox 787 3252 839 3325; x_wconf 86' lang='lat' dir='ltr'><strong>sis</strong></span> <span class='ocrx_word' id='word_1_146' title='bbox 857 3252 895 3324; x_wconf 91' lang='lat' dir='ltr'><strong>in</strong></span> <span class='ocrx_word' id='word_1_147' title='bbox 912 3250 1033 3325; x_wconf 84' lang='lat' dir='ltr'><strong>fronte</strong></span> <span class='ocrx_word' id='word_1_148' title='bbox 1049 3251 1223 3326; x_wconf 87' lang='lat' dir='ltr'><strong>disertus.</strong></span> 
     </span>
     <span class='ocr_line' id='line_1_24' title="bbox 354 3365 1066 3465; baseline 0 -24"><span class='ocrx_word' id='word_1_149' title='bbox 354 3365 545 3465; x_wconf 84' lang='lat' dir='ltr'><strong>Effugiant</strong></span> <span class='ocrx_word' id='word_1_150' title='bbox 561 3390 658 3440; x_wconf 84' lang='lat' dir='ltr'><strong>cerae</strong></span> <span class='ocrx_word' id='word_1_151' title='bbox 675 3367 789 3441; x_wconf 85' lang='lat' dir='ltr'><strong>verba</strong></span> <span class='ocrx_word' id='word_1_152' title='bbox 804 3367 964 3442; x_wconf 85' lang='lat' dir='ltr'><strong>molesta</strong></span> <span class='ocrx_word' id='word_1_153' title='bbox 979 3376 1066 3441; x_wconf 84' lang='lat' dir='ltr'><strong>tuoe.</strong></span> 
     </span>
    </p>
   </div>
   <div class='ocr_carea' id='block_1_5' title="bbox 301 3565 1343 4672">
    <p class='ocr_par' dir='ltr' id='par_1_6' title="bbox 302 3565 1342 3929">
     <span class='ocr_line' id='line_1_25' title="bbox 336 3565 1342 3632; baseline 0.001 -18"><span class='ocrx_word' id='word_1_154' title='bbox 336 3567 392 3615; x_wconf 77' lang='lat'><strong>440.</strong></span> <span class='ocrx_word' id='word_1_155' title='bbox 407 3565 551 3614; x_wconf 76' lang='lat' dir='ltr'><strong>Preterituae</strong></span> <span class='ocrx_word' id='word_1_156' title='bbox 561 3568 650 3624; x_wconf 69' lang='lat' dir='ltr'><strong>tulerit,</strong></span> <span class='ocrx_word' id='word_1_157' title='bbox 660 3568 798 3629; x_wconf 67' lang='lat' dir='ltr'><strong>perdiderit·</strong></span> <span class='ocrx_word' id='word_1_158' title='bbox 845 3570 981 3631; x_wconf 72' lang='lat' dir='ltr'><strong>pendlderr&#39;r,</strong></span> <span class='ocrx_word' id='word_1_159' title='bbox 1002 3567 1060 3632; x_wconf 84' lang='lat' dir='ltr'><strong>quie</strong></span> <span class='ocrx_word' id='word_1_160' title='bbox 1079 3566 1138 3614; x_wconf 85' lang='lat' dir='ltr'><strong>nihil</strong></span> <span class='ocrx_word' id='word_1_161' title='bbox 1158 3566 1261 3615; x_wconf 82' lang='lat' dir='ltr'><strong>dederis.</strong></span> <span class='ocrx_word' id='word_1_162' title='bbox 1282 3583 1342 3632; x_wconf 71' lang='lat' dir='ltr'><strong>pre-</strong></span> 
     </span>
     <span class='ocr_line' id='line_1_26' title="bbox 303 3636 1342 3706; baseline 0 -17"><span class='ocrx_word' id='word_1_163' title='bbox 303 3657 345 3704; x_wconf 73' lang='lat' dir='ltr'><strong>qne</strong></span> <span class='ocrx_word' id='word_1_164' title='bbox 362 3640 443 3704; x_wconf 58' lang='lat' dir='ltr'><strong>aad]</strong></span> <span class='ocrx_word' id='word_1_165' title='bbox 478 3639 567 3689; x_wconf 82' lang='lat' dir='ltr'><strong>Tnlerr&#39;e</strong></span> <span class='ocrx_word' id='word_1_166' title='bbox 585 3656 647 3690; x_wconf 84' lang='lat' dir='ltr'><strong>unm</strong></span> <span class='ocrx_word' id='word_1_167' title='bbox 661 3639 798 3689; x_wconf 72' lang='lat' dir='ltr'><strong>Patavium.</strong></span> <span class='ocrx_word' id='word_1_168' title='bbox 847 3641 1087 3706; x_wconf 82' lang='lat' dir='ltr'><strong>eeptnmeontinetnr</strong></span> <span class='ocrx_word' id='word_1_169' title='bbox 1095 3636 1179 3687; x_wconf 71' lang='lat' dir='ltr'><strong>ultimo</strong></span> <span class='ocrx_word' id='word_1_170' title='bbox 1193 3654 1261 3687; x_wconf 85' lang='lat' dir='ltr'><strong>versu</strong></span> <span class='ocrx_word' id='word_1_171' title='bbox 1277 3655 1342 3689; x_wconf 79' lang='lat' dir='ltr'><strong>eme·</strong></span> 
     </span>
     <span class='ocr_line' id='line_1_27' title="bbox 302 3712 1342 3779; baseline 0.003 -19"><span class='ocrx_word' id='word_1_172' title='bbox 302 3714 385 3765; x_wconf 73' lang='lat' dir='ltr'><strong>terrim</strong></span> <span class='ocrx_word' id='word_1_173' title='bbox 394 3712 493 3779; x_wconf 70' lang='lat' dir='ltr'><strong>Regina,</strong></span> <span class='ocrx_word' id='word_1_174' title='bbox 498 3716 674 3777; x_wconf 61' lang='lat' dir='ltr'><strong>perdiderim.</strong></span> <span class='ocrx_word' id='word_1_175' title='bbox 682 3712 716 3761; x_wconf 87' lang='lat' dir='ltr'><strong>nil</strong></span> <span class='ocrx_word' id='word_1_176' title='bbox 724 3724 798 3763; x_wconf 81' lang='lat' dir='ltr'><strong>muta.</strong></span> <span class='ocrx_word' id='word_1_177' title='bbox 847 3715 891 3765; x_wconf 86' lang='lat' dir='ltr'><strong>tori</strong></span> <span class='ocrx_word' id='word_1_178' title='bbox 900 3714 993 3771; x_wconf 78' lang='lat' dir='ltr'><strong>datum,</strong></span> <span class='ocrx_word' id='word_1_179' title='bbox 1004 3722 1032 3763; x_wconf 89' lang='lat' dir='ltr'><strong>ut</strong></span> <span class='ocrx_word' id='word_1_180' title='bbox 1041 3713 1157 3777; x_wconf 85' lang='lat' dir='ltr'><strong>quidquid</strong></span> <span class='ocrx_word' id='word_1_181' title='bbox 1166 3713 1239 3777; x_wconf 78' lang='lat' dir='ltr'><strong>poerit</strong></span> <span class='ocrx_word' id='word_1_182' title='bbox 1248 3712 1342 3763; x_wconf 77' lang='lat' dir='ltr'><strong>blendi-</strong></span> 
     </span>
     <span class='ocr_line' id='line_1_28' title="bbox 303 3786 1342 3854; baseline -0.002 -15"><span class='ocrx_word' id='word_1_183' title='bbox 303 3787 429 3840; x_wconf 77' lang='lat' dir='ltr'><strong>Videbitur</strong></span> <span class='ocrx_word' id='word_1_184' title='bbox 439 3787 565 3853; x_wconf 68' lang='lat' dir='ltr'><strong>eeeepiue,</strong></span> <span class='ocrx_word' id='word_1_185' title='bbox 576 3788 639 3854; x_wconf 85' lang='lat' dir='ltr'><strong>quod</strong></span> <span class='ocrx_word' id='word_1_186' title='bbox 651 3787 797 3853; x_wconf 68' lang='lat' dir='ltr'><strong>promisero,</strong></span> <span class='ocrx_word' id='word_1_187' title='bbox 848 3789 886 3838; x_wconf 75' lang='lat' dir='ltr'><strong>tiis</strong></span> <span class='ocrx_word' id='word_1_188' title='bbox 896 3797 921 3838; x_wconf 84' lang='lat' dir='ltr'><strong>et</strong></span> <span class='ocrx_word' id='word_1_189' title='bbox 931 3786 1043 3854; x_wconf 71' lang='lat' dir='ltr'><strong>pollicitis</strong></span> <span class='ocrx_word' id='word_1_190' title='bbox 1051 3786 1150 3844; x_wconf 71' lang='lat' dir='ltr'><strong>tulerat,</strong></span> <span class='ocrx_word' id='word_1_191' title='bbox 1160 3786 1202 3835; x_wconf 83' lang='lat' dir='ltr'><strong>red</strong></span> <span class='ocrx_word' id='word_1_192' title='bbox 1218 3787 1276 3836; x_wconf 84' lang='lat' dir='ltr'><strong>nihil</strong></span> <span class='ocrx_word' id='word_1_193' title='bbox 1292 3787 1342 3837; x_wconf 84' lang='lat' dir='ltr'><strong>det</strong></span> 
     </span>
     <span class='ocr_line' id='line_1_29' title="bbox 302 3861 938 3929; baseline -0.006 -15"><span class='ocrx_word' id='word_1_194' title='bbox 302 3880 346 3914; x_wconf 84' lang='lat' dir='ltr'><strong>nee</strong></span> <span class='ocrx_word' id='word_1_195' title='bbox 375 3862 503 3929; x_wconf 80' lang='lat' dir='ltr'><strong>quiequam</strong></span> <span class='ocrx_word' id='word_1_196' title='bbox 533 3862 624 3927; x_wconf 85' lang='lat' dir='ltr'><strong>perdet.</strong></span> <span class='ocrx_word' id='word_1_197' title='bbox 666 3861 797 3912; x_wconf 78' lang='lat' dir='ltr'><strong>Hmuerue.</strong></span> <span class='ocrx_word' id='word_1_198' title='bbox 848 3864 938 3912; x_wconf 67' lang='lat' dir='ltr'><strong>Bura.</strong></span> 
     </span>
    </p>

    <p class='ocr_par' dir='ltr' id='par_1_7' title="bbox 302 3934 1343 4372">
     <span class='ocr_line' id='line_1_30' title="bbox 303 3934 1343 4001; baseline -0.004 -14"><span class='ocrx_word' id='word_1_199' title='bbox 303 3937 373 3995; x_wconf 87' lang='lat' dir='ltr'><strong>Mibi,</strong></span> <span class='ocrx_word' id='word_1_200' title='bbox 381 3947 407 3986; x_wconf 84' lang='lat' dir='ltr'><strong>ur</strong></span> <span class='ocrx_word' id='word_1_201' title='bbox 416 3937 519 4001; x_wconf 75' lang='lat' dir='ltr'><strong>ingenue</strong></span> <span class='ocrx_word' id='word_1_202' title='bbox 528 3936 610 3993; x_wconf 80' lang='lat' dir='ltr'><strong>fateor,</strong></span> <span class='ocrx_word' id='word_1_203' title='bbox 618 3935 797 4001; x_wconf 70' lang='lat' dir='ltr'><strong>medumpam</strong></span> <span class='ocrx_word' id='word_1_204' title='bbox 878 3937 938 3985; x_wconf 84' lang='grc'>454.</span> <span class='ocrx_word' id='word_1_205' title='bbox 948 3935 975 3983; x_wconf 83' lang='lat' dir='ltr'><strong>Si</strong></span> <span class='ocrx_word' id='word_1_206' title='bbox 987 3936 1075 3984; x_wconf 74' lang='lat' dir='ltr'><strong>dederit</strong></span> <span class='ocrx_word' id='word_1_207' title='bbox 1089 3934 1186 3999; x_wconf 72' lang='lat' dir='ltr'><strong>gretia]</strong></span> <span class='ocrx_word' id='word_1_208' title='bbox 1210 3934 1301 4001; x_wconf 75' lang='lat' dir='ltr'><strong>Regius</strong></span> <span class='ocrx_word' id='word_1_209' title='bbox 1317 3944 1343 3985; x_wconf 86' lang='lat' dir='ltr'><strong>et</strong></span> 
     </span>
     <span class='ocr_line' id='line_1_31' title="bbox 302 4009 1342 4077; baseline -0.003 -14"><span class='ocrx_word' id='word_1_210' title='bbox 302 4015 385 4063; x_wconf 82' lang='lat' dir='ltr'><strong>borum</strong></span> <span class='ocrx_word' id='word_1_211' title='bbox 394 4026 503 4061; x_wconf 79' lang='lat' dir='ltr'><strong>vermem</strong></span> <span class='ocrx_word' id='word_1_212' title='bbox 519 4010 637 4060; x_wconf 68' lang='lat' dir='ltr'><strong>renuntia</strong></span> <span class='ocrx_word' id='word_1_213' title='bbox 651 4017 725 4077; x_wconf 79' lang='lat' dir='ltr'><strong>petet.</strong></span> <span class='ocrx_word' id='word_1_214' title='bbox 740 4018 799 4076; x_wconf 81' lang='lat' dir='ltr'><strong>puto</strong></span> <span class='ocrx_word' id='word_1_215' title='bbox 847 4009 996 4067; x_wconf 75' lang='lat' dir='ltr'><strong>Orouieneie,</strong></span> <span class='ocrx_word' id='word_1_216' title='bbox 1006 4011 1140 4058; x_wconf 60' lang='lat' dir='ltr'><strong>adederit.</strong></span> <span class='ocrx_word' id='word_1_217' title='bbox 1151 4018 1244 4073; x_wconf 79' lang='lat' dir='ltr'><strong>argute.</strong></span> <span class='ocrx_word' id='word_1_218' title='bbox 1258 4011 1342 4077; x_wconf 77' lang='lat' dir='ltr'><strong>speret</strong></span> 
     </span>
     <span class='ocr_line' id='line_1_32' title="bbox 303 4082 1341 4151; baseline -0.001 -17"><span class='ocrx_word' id='word_1_219' title='bbox 303 4095 383 4141; x_wconf 67' lang='lat' dir='ltr'><strong>tenaen</strong></span> <span class='ocrx_word' id='word_1_220' title='bbox 398 4085 443 4135; x_wconf 84' lang='lat' dir='ltr'><strong>hoe</strong></span> <span class='ocrx_word' id='word_1_221' title='bbox 460 4083 521 4133; x_wconf 85' lang='lat' dir='ltr'><strong>velle</strong></span> <span class='ocrx_word' id='word_1_222' title='bbox 539 4083 649 4133; x_wconf 77' lang='lat' dir='ltr'><strong>Poiitam.</strong></span> <span class='ocrx_word' id='word_1_223' title='bbox 665 4082 798 4148; x_wconf 74' lang='lat' dir='ltr'><strong>deliquid,</strong></span> <span class='ocrx_word' id='word_1_224' title='bbox 846 4085 910 4134; x_wconf 88' lang='lat' dir='ltr'><strong>enim</strong></span> <span class='ocrx_word' id='word_1_225' title='bbox 920 4100 946 4134; x_wconf 84' lang='lat' dir='ltr'><strong>se</strong></span> <span class='ocrx_word' id='word_1_226' title='bbox 957 4084 1105 4151; x_wconf 84' lang='lat' dir='ltr'><strong>imposterum</strong></span> <span class='ocrx_word' id='word_1_227' title='bbox 1116 4098 1163 4132; x_wconf 92' lang='lat' dir='ltr'><strong>non</strong></span> <span class='ocrx_word' id='word_1_228' title='bbox 1173 4083 1281 4133; x_wconf 78' lang='lat' dir='ltr'><strong>daturam</strong></span> <span class='ocrx_word' id='word_1_229' title='bbox 1288 4101 1341 4150; x_wconf 74' lang='lat' dir='ltr'><strong>gre·</strong></span> 
     </span>
     <span class='ocr_line' id='line_1_33' title="bbox 303 4155 1339 4224; baseline -0.001 -16"><span class='ocrx_word' id='word_1_230' title='bbox 303 4159 328 4209; x_wconf 85' lang='lat' dir='ltr'><strong>id</strong></span> <span class='ocrx_word' id='word_1_231' title='bbox 338 4158 494 4223; x_wconf 73' lang='lat' dir='ltr'><strong>esterignnm</strong></span> <span class='ocrx_word' id='word_1_232' title='bbox 504 4172 598 4215; x_wconf 79' lang='lat' dir='ltr'><strong>monus,</strong></span> <span class='ocrx_word' id='word_1_233' title='bbox 608 4156 702 4207; x_wconf 83' lang='lat' dir='ltr'><strong>dederis</strong></span> <span class='ocrx_word' id='word_1_234' title='bbox 711 4157 798 4207; x_wconf 70' lang='lat' dir='ltr'><strong>eridia-</strong></span> <span class='ocrx_word' id='word_1_235' title='bbox 847 4159 885 4208; x_wconf 83' lang='lat' dir='ltr'><strong>tie.</strong></span> <span class='ocrx_word' id='word_1_236' title='bbox 902 4157 1021 4224; x_wconf 71' lang='lat' dir='ltr'><strong>superum</strong></span> <span class='ocrx_word' id='word_1_237' title='bbox 1037 4156 1099 4205; x_wconf 80' lang='lat' dir='ltr'><strong>hene</strong></span> <span class='ocrx_word' id='word_1_238' title='bbox 1115 4155 1241 4206; x_wconf 83' lang='lat' dir='ltr'><strong>lectionem</strong></span> <span class='ocrx_word' id='word_1_239' title='bbox 1255 4159 1339 4207; x_wconf 82' lang='lat' dir='ltr'><strong>eonfit-</strong></span> 
     </span>
     <span class='ocr_line' id='line_1_34' title="bbox 302 4229 1340 4297; baseline 0 -15"><span class='ocrx_word' id='word_1_240' title='bbox 302 4230 620 4289; x_wconf 68' lang='lat' dir='ltr'><strong>simemeretrieimtionem</strong></span> <span class='ocrx_word' id='word_1_241' title='bbox 630 4229 798 4297; x_wconf 65' lang='lat' dir='ltr'><strong>invenietque</strong></span> <span class='ocrx_word' id='word_1_242' title='bbox 847 4240 921 4283; x_wconf 79' lang='lat' dir='ltr'><strong>mant.</strong></span> <span class='ocrx_word' id='word_1_243' title='bbox 941 4229 1120 4287; x_wconf 76' lang='lat' dir='ltr'><strong>Ambrosianus,</strong></span> <span class='ocrx_word' id='word_1_244' title='bbox 1130 4246 1158 4278; x_wconf 82' lang='lat' dir='ltr'><strong>ne</strong></span> <span class='ocrx_word' id='word_1_245' title='bbox 1167 4232 1263 4280; x_wconf 77' lang='lat' dir='ltr'><strong>dederit.</strong></span> <span class='ocrx_word' id='word_1_246' title='bbox 1271 4232 1340 4291; x_wconf 81' lang='lat' dir='ltr'><strong>alius,</strong></span> 
     </span>
     <span class='ocr_line' id='line_1_35' title="bbox 303 4297 1118 4372; baseline -0.004 -16"><span class='ocrx_word' id='word_1_247' title='bbox 303 4315 327 4356; x_wconf 87' lang='lat' dir='ltr'><strong>te</strong></span> <span class='ocrx_word' id='word_1_248' title='bbox 337 4306 462 4372; x_wconf 79' lang='lat' dir='ltr'><strong>relinquet,</strong></span> <span class='ocrx_word' id='word_1_249' title='bbox 473 4305 529 4371; x_wconf 81' lang='lat' dir='ltr'><strong>quia</strong></span> <span class='ocrx_word' id='word_1_250' title='bbox 544 4313 627 4371; x_wconf 74' lang='lat' dir='ltr'><strong>captat</strong></span> <span class='ocrx_word' id='word_1_251' title='bbox 641 4320 729 4371; x_wconf 69' lang='lat' dir='ltr'><strong>magne</strong></span> <span class='ocrx_word' id='word_1_252' title='bbox 745 4320 796 4355; x_wconf 83' lang='lat' dir='ltr'><strong>mu·</strong></span> <span class='ocrx_word' id='word_1_253' title='bbox 846 4308 994 4355; x_wconf 63' lang='grc' dir='ltr'><strong>ποιων-ὴ.</strong></span> <span class='ocrx_word' id='word_1_254' title='bbox 1026 4297 1118 4354; x_wconf 65' lang='lat' dir='ltr'><strong>Hune.</strong></span> 
     </span>
    </p>

    <p class='ocr_par' dir='ltr' id='par_1_8' title="bbox 301 4378 1341 4672">
     <span class='ocr_line' id='line_1_36' title="bbox 302 4378 1341 4447; baseline 0.001 -16"><span class='ocrx_word' id='word_1_255' title='bbox 302 4395 367 4438; x_wconf 82' lang='lat' dir='ltr'><strong>nere,</strong></span> <span class='ocrx_word' id='word_1_256' title='bbox 378 4379 447 4429; x_wconf 81' lang='lat' dir='ltr'><strong>erite</strong></span> <span class='ocrx_word' id='word_1_257' title='bbox 458 4379 551 4430; x_wconf 81' lang='lat' dir='ltr'><strong>ridetur</strong></span> <span class='ocrx_word' id='word_1_258' title='bbox 560 4379 696 4447; x_wconf 61' lang='lat' dir='ltr'><strong>perderes</strong></span> <span class='ocrx_word' id='word_1_259' title='bbox 710 4378 798 4445; x_wconf 73' lang='lat' dir='ltr'><strong>exigue</strong></span> <span class='ocrx_word' id='word_1_260' title='bbox 879 4382 935 4430; x_wconf 85' lang='grc'>464.</span> <span class='ocrx_word' id='word_1_261' title='bbox 947 4379 1070 4446; x_wconf 71' lang='lat' dir='ltr'><strong>Effugient</strong></span> <span class='ocrx_word' id='word_1_262' title='bbox 1088 4380 1173 4444; x_wconf 58' lang='lat' dir='ltr'><strong>seem]</strong></span> <span class='ocrx_word' id='word_1_263' title='bbox 1207 4380 1269 4431; x_wconf 76' lang='lat' dir='ltr'><strong>Cere</strong></span> <span class='ocrx_word' id='word_1_264' title='bbox 1286 4382 1341 4432; x_wconf 87' lang='lat' dir='ltr'><strong>libri</strong></span> 
     </span>
     <span class='ocr_line' id='line_1_37' title="bbox 301 4455 1338 4523; baseline 0.002 -18"><span class='ocrx_word' id='word_1_265' title='bbox 301 4456 396 4523; x_wconf 69' lang='lat' dir='ltr'><strong>capiat,</strong></span> <span class='ocrx_word' id='word_1_266' title='bbox 412 4462 438 4505; x_wconf 84' lang='lat' dir='ltr'><strong>tn</strong></span> <span class='ocrx_word' id='word_1_267' title='bbox 448 4470 504 4504; x_wconf 82' lang='lat' dir='ltr'><strong>vero</strong></span> <span class='ocrx_word' id='word_1_268' title='bbox 512 4457 651 4518; x_wconf 69' lang='lat' dir='ltr'><strong>preteritum</strong></span> <span class='ocrx_word' id='word_1_269' title='bbox 659 4455 740 4505; x_wconf 71' lang='lat' dir='ltr'><strong>tuleris</strong></span> <span class='ocrx_word' id='word_1_270' title='bbox 750 4455 797 4519; x_wconf 82' lang='lat' dir='ltr'><strong>(ite</strong></span> <span class='ocrx_word' id='word_1_271' title='bbox 846 4466 903 4506; x_wconf 76' lang='lat' dir='ltr'><strong>tres.</strong></span> <span class='ocrx_word' id='word_1_272' title='bbox 914 4456 995 4522; x_wconf 85' lang='lat' dir='ltr'><strong>probe.</strong></span> <span class='ocrx_word' id='word_1_273' title='bbox 1015 4455 1147 4505; x_wconf 70' lang='lat' dir='ltr'><strong>limares,</strong></span> <span class='ocrx_word' id='word_1_274' title='bbox 1168 4456 1338 4507; x_wconf 74' lang='lat' dir='ltr'><strong>Molertnuerbe</strong></span> 
     </span>
     <span class='ocr_line' id='line_1_38' title="bbox 302 4528 1339 4598; baseline 0.001 -17"><span class='ocrx_word' id='word_1_275' title='bbox 302 4529 365 4581; x_wconf 80' lang='lat' dir='ltr'><strong>enim</strong></span> <span class='ocrx_word' id='word_1_276' title='bbox 382 4531 436 4595; x_wconf 58' lang='lat' dir='ltr'><strong>lqo</strong></span> <span class='ocrx_word' id='word_1_277' title='bbox 446 4546 476 4579; x_wconf 82' lang='lat' dir='ltr'><strong>ex</strong></span> <span class='ocrx_word' id='word_1_278' title='bbox 491 4529 577 4592; x_wconf 83' lang='lat' dir='ltr'>MSS.)</span> <span class='ocrx_word' id='word_1_279' title='bbox 592 4529 617 4579; x_wconf 93' lang='lat' dir='ltr'><strong>id</strong></span> <span class='ocrx_word' id='word_1_280' title='bbox 630 4539 668 4580; x_wconf 84' lang='lat' dir='ltr'><strong>est</strong></span> <span class='ocrx_word' id='word_1_281' title='bbox 680 4528 796 4595; x_wconf 84' lang='lat' dir='ltr'><strong>quidquid</strong></span> <span class='ocrx_word' id='word_1_282' title='bbox 845 4531 944 4598; x_wconf 81' lang='lat' dir='ltr'><strong>probum</strong></span> <span class='ocrx_word' id='word_1_283' title='bbox 952 4540 988 4579; x_wconf 75' lang='lat' dir='ltr'><strong>est</strong></span> <span class='ocrx_word' id='word_1_284' title='bbox 995 4548 1003 4591; x_wconf 77' lang='lat'>5</span> <span class='ocrx_word' id='word_1_285' title='bbox 1018 4546 1049 4579; x_wconf 79' lang='lat' dir='ltr'><strong>ee</strong></span> <span class='ocrx_word' id='word_1_286' title='bbox 1062 4538 1117 4579; x_wconf 80' lang='lat' dir='ltr'><strong>sont</strong></span> <span class='ocrx_word' id='word_1_287' title='bbox 1127 4529 1303 4590; x_wconf 72' lang='lat' dir='ltr'><strong>nimieerudin,</strong></span> <span class='ocrx_word' id='word_1_288' title='bbox 1315 4542 1339 4582; x_wconf 84' lang='lat' dir='ltr'><strong>et</strong></span> 
     </span>
     <span class='ocr_line' id='line_1_39' title="bbox 302 4602 1338 4672; baseline 0.005 -20"><span class='ocrx_word' id='word_1_289' title='bbox 302 4605 333 4654; x_wconf 81' lang='lat' dir='ltr'><strong>eb</strong></span> <span class='ocrx_word' id='word_1_290' title='bbox 343 4605 433 4669; x_wconf 70' lang='lat' dir='ltr'><strong>cuique</strong></span> <span class='ocrx_word' id='word_1_291' title='bbox 448 4612 503 4653; x_wconf 79' lang='lat' dir='ltr'><strong>ente</strong></span> <span class='ocrx_word' id='word_1_292' title='bbox 518 4602 680 4669; x_wconf 80' lang='lat' dir='ltr'><strong>impetrevisti,</strong></span> <span class='ocrx_word' id='word_1_293' title='bbox 697 4611 722 4654; x_wconf 89' lang='lat' dir='ltr'><strong>et</strong></span> <span class='ocrx_word' id='word_1_294' title='bbox 738 4605 797 4653; x_wconf 71' lang='lat' dir='ltr'><strong>silit</strong></span> <span class='ocrx_word' id='word_1_295' title='bbox 845 4614 935 4654; x_wconf 81' lang='lat' dir='ltr'><strong>remote</strong></span> <span class='ocrx_word' id='word_1_296' title='bbox 953 4620 967 4652; x_wconf 79' lang='lat' dir='ltr'><strong>n</strong></span> <span class='ocrx_word' id='word_1_297' title='bbox 985 4604 1075 4672; x_wconf 72' lang='lat' dir='ltr'><strong>vulgari</strong></span> <span class='ocrx_word' id='word_1_298' title='bbox 1092 4612 1116 4655; x_wconf 86' lang='lat' dir='ltr'><strong>et</strong></span> <span class='ocrx_word' id='word_1_299' title='bbox 1132 4604 1269 4671; x_wconf 79' lang='lat' dir='ltr'><strong>quotidiano</strong></span> <span class='ocrx_word' id='word_1_300' title='bbox 1285 4620 1338 4658; x_wconf 82' lang='lat' dir='ltr'><strong>usu.</strong></span> 
     </span>
    </p>
   </div>
   <div class='ocr_carea' id='block_1_6' title="bbox 0 0 1804 5925">
    <p class='ocr_par' dir='ltr' id='par_1_9' title="bbox 0 0 1804 5925">
     <span class='ocr_line' id='line_1_40' title="bbox 0 0 1804 5925; baseline 0 0"><span class='ocrx_word' id='word_1_301' title='bbox 0 0 1804 5925; x_wconf 95' lang='lat' dir='ltr'><strong> </strong></span> 
     </span>
    </p>
   </div>
  </div>
 </body>
</html>
