3600 5925
495 756 498 765 '
551 770 773 838 uuolton.
814 769 905 836 niu.
929 768 978 833 Π.
1000 771 1032 833 s.
1248 770 1314 835 aro

275 950 463 1035 Protinus,
482 957 525 1020 ut
542 945 695 1045 placuit,
714 943 811 1030 misi,
830 943 1048 1040 scriptoque
1064 943 1202 1037 rogavi.
1287 947 1311 1016 5

324 1062 537 1161 Rescripsit
553 1059 711 1158 trepidi,
731 1057 818 1131 Non
836 1056 936 1143 licet,
955 1057 1019 1129 illa
1036 1079 1161 1130 manu.

277 1179 339 1267 Et,
358 1203 425 1252 cur
441 1202 516 1251 non
532 1177 655 1262 liceat,
674 1174 855 1273 quoerenti
874 1173 1020 1263 reddita
1036 1196 1171 1247 caussa
1187 1184 1267 1261 est3

327 1294 438 1378 Quod
455 1293 611 1367 nimium
628 1290 788 1365 dominae
806 1312 896 1363 cura
912 1288 1071 1363 molesta
1087 1297 1152 1362 tna
1168 1298 1239 1362 est,

278 1409 320 1483 Si
338 1409 451 1508 sapis,
470 1409 493 1481 ὀ
510 1417 650 1493 custos,
669 1406 795 1479 odium
813 1403 921 1499 (mihi
939 1402 1067 1496 crede)
1085 1404 1218 1478 mereri

331 1524 483 1599 Desine.
511 1547 625 1622 quem
642 1521 776 1596 metuit
788 1521 963 1618 quisque,
978 1521 1120 1618 perisse
1136 1519 1254 1618 cupit.
1270 1524 1315 1593 10

279 1639 346 1714 Vir
362 1663 514 1738 quoque
531 1662 605 1712 non
622 1637 792 1735 sapiens:
821 1636 915 1733 quid
931 1635 1031 1708 enim
1048 1657 1194 1710 servare
1211 1636 1313 1710 labo·

331 1754 442 1829 Unde
459 1754 564 1840 nihil,
583 1752 753 1851 quamvis
771 1774 845 1824 non
862 1761 1002 1836 tueare,
1022 1750 1144 1846 perit?
1228 1752 1315 1846 [ret

281 1871 359 1946 Sed
377 1882 483 1967 gerat
498 1870 561 1944 ille
579 1894 647 1943 suo
665 1891 806 1943 morem
823 1866 984 1940 furiosus
1002 1865 1139 1939 amori:

331 1985 381 2060 Et
397 1996 555 2072 castum,
572 1985 699 2059 multis
718 1983 819 2081 quod
837 1984 974 2082 placet,
993 2006 1077 2056 csse
1094 1991 1214 2080 putet.

281 2099 381 2175 Huic
399 2100 533 2174 furtiva
549 2111 612 2174 tuo
630 2100 782 2174 libertas
800 2120 954 2173 munere
971 2097 1099 2183 detur;
1273 2100 1316 2169 15

332 2215 455 2299 Quam
472 2215 620 2291 dederis
639 2215 704 2300 illi,
723 2214 856 2288 reddat
872 2223 915 2286 ut
931 2212 995 2286 illa
1011 2212 1092 2285 tibi.

283 2329 467 2404 Conscius
483 2352 568 2404 esse
584 2329 675 2402 velis
688 2324 706 2402 ε’
725 2328 876 2402 domina
892 2338 951 2401 est
967 2327 1132 2401 obnoxia
1148 2350 1267 2401 servo,

332 2445 516 2520 Conscius
533 2468 617 2520 esse
634 2445 764 2520 times:
793 2443 1028 2517 dissimulare
1045 2441 1145 2516 licet.

284 2561 434 2659 Scripta
448 2563 549 2658 leget
566 2585 716 2635 secum:
744 2573 901 2635 matrem
918 2559 1065 2632 misisse
1083 2568 1225 2656 putato.

332 2675 486 2750 Venerit
502 2676 669 2773 ignotus:
698 2679 896 2775 postmodo
914 2686 1024 2749 notus
1042 2685 1115 2748 eat.

286 2790 362 2864 lbit
379 2791 427 2865 ad
445 2790 643 2876 adfectam,
662 2815 746 2887 quae
766 2816 839 2865 non
856 2790 1061 2887 languebit,
1081 2791 1239 2865 amicam

335 2904 487 2994 Visere3
512 2905 663 3004 judiciis
682 2929 782 3003 aegra
797 2907 846 2981 sit
863 2907 928 2980 illa
943 2906 1029 2979 tuis.

1270 2681 1319 2749 20

315 3062 340 3108 8.
358 3060 424 3114 Quod
439 3062 534 3108 sinim
548 3062 642 3109 domiue
659 3077 717 3109 euro
732 3078 777 3109 mo-
827 3059 1002 3124 tunrigilsutin
1011 3059 1134 3108 remiseris.
1167 3059 1256 3108 Aruns.

284 3136 340 3182 tata
361 3143 403 3182 rua
422 3133 478 3197 aa]
507 3132 598 3182 Coum
618 3133 776 3190 raibendum,

285 3217 329 3256 trie
339 3223 369 3256 ss.
401 3208 435 3256 'l'o
445 3206 548 3256 monim
564 3206 703 3256 inconcinne
713 3208 778 3258 ‹luri-

284 3291 366 3345 terque
375 3279 507 3344 geminetur
517 3280 561 3329 lroc
567 3280 678 3329 disticho.
689 3282 778 3332 Herus.

313 3354 341 3402 9.
359 3353 457 3417 consa]
478 3354 540 3403 Cum
556 3353 611 3402 odio
627 3355 779 3419 pronuntian-

284 3427 352 3477 dmu.
369 3427 403 3476 ita
418 3427 507 3477 Tertul.
523 3428 552 3477 de
572 3427 660 3478 Poenit.
678 3445 734 3495 cnp.
745 3431 778 3478 vi.

287 3503 366 3550 &rtur
375 3518 501 3564 corporum.

321 3576 359 3623 10.
377 3574 449 3628 Qum
458 3577 539 3623 mit
545 3578 643 3639 pirisque,
648 3576 731 3638 pertus
739 3593 780 3625 eu·

284 3648 345 3712 piu]
364 3648 419 3696 Non
429 3647 565 3697 dissimilent
577 3650 717 3699 sententiam
725 3666 781 3699 con-

286 3723 346 3771 tinet
356 3721 487 3770 trochaicus
497 3721 538 3770 ille
548 3721 684 3772 Ennianus:

320 3795 391 3850 Quen
400 3805 514 3852 metuunt,
521 3798 630 3845 oderunt:
647 3814 711 3860 prim
720 3799 780 3860 puis·

350 3871 651 3932 perclitpsrimspetit.
684 3871 754 3919 Cror.

321 3942 357 3990 18.
374 3941 503 4007 Furiosus]
517 3943 764 4007 Jnniennsfusroeur.

321 4016 361 4063 14.
384 4014 437 4064 Erre
456 4016 543 4078 priten]
569 4016 644 4065 Vetus
662 4025 687 4064 et
707 4016 781 4064 verior

287 4087 365 4146 lectio,
376 4090 421 4151 ipso
434 4100 508 4152 putet.
524 4088 597 4138 haber
612 4089 675 4138 enim
684 4089 781 4155 empha-

287 4161 324 4212 sin
334 4164 386 4224 ipro,
398 4163 465 4227 qussi
474 4159 573 4218 diceret,
583 4161 670 4210 stultns
686 4171 711 4210 et
725 4162 781 4210 insiu

287 4232 368 4298 piens:
396 4249 452 4284 nem
470 4234 511 4285 alii
531 4235 574 4284 hoc
594 4249 641 4283 non
660 4242 780 4299 putarent.

289 4309 404 4358 Murrus.

323 4382 362 4429 16.
380 4381 479 4429 Furtim
496 4380 610 4444 liberm]
634 4380 712 4438 Quam
730 4381 783 4440 tibi,

288 4468 363 4517 quum
369 4452 465 4502 minime
473 4454 610 4519 spenserls,
618 4463 643 4503 et
653 4454 783 4519 qunsifnr·

291 4529 332 4573 rtur
342 4525 532 4576 donabit—Tuo
541 4545 640 4577 mure.
672 4529 702 4578 In
711 4530 783 4579 officii

289 4600 367 4650 ricem
376 4598 440 4665 quod
447 4598 486 4648 illi
499 4601 643 4666 prestiteris.
653 4601 674 4652 si
684 4603 742 4667 qnid
752 4603 783 4654 de

863 3135 900 3184 16.
918 3135 993 3189 Quam
1002 3134 1111 3198 nodedu]
1130 3133 1168 3183 De
1175 3135 1264 3183 ultime
1275 3134 1323 3199 syl·

827 3209 889 3257 labra
898 3206 1053 3271 productione
1071 3207 1110 3256 hic
1125 3208 1186 3256 bene
1203 3216 1227 3256 et
1243 3208 1324 3256 multis

827 3281 929 3338 Marius,
940 3280 994 3328 ride
1005 3296 1070 3346 supr.
1081 3282 1112 3332 ad
1122 3282 1198 3347 Epist.
1208 3281 1249 3330 vii.
1261 3283 1302 3332 53.

860 3357 903 3404 21.
921 3353 967 3403 ltu
978 3364 1004 3402 ut
1015 3355 1194 3420 adjutumque
1210 3373 1254 3404 non
1272 3358 1323 3404 lan·

827 3430 914 3495 guelrit,
932 3430 1028 3476 amicam
1064 3429 1134 3478 linat.
1147 3432 1247 3492 judiciis
1262 3448 1324 3497 egra

821 3503 910 3558 ,arria
920 3500 988 3564 nn]
1005 3501 1099 3553 serron

863 3574 947 3624 lotrad
956 3576 1078 3641 nti'ssctom,
1086 3592 1134 3639 qna
1145 3592 1188 3624 non
1200 3578 1325 3643 languebit

925 3666 1020 3697 0118111

897 3723 988 3771 Visere?
996 3726 1096 3785 judiciis
1105 3740 1166 3788 egre
1176 3726 1206 3771 sr't
1216 3725 1257 3771 illu
1268 3727 1323 3773 tuis.

830 3793 877 3844 loir
887 3799 957 3845 risen
966 3796 1111 3845 Grecismus
1121 3796 1209 3854 Poetis,
1222 3797 1325 3846 nimine

833 3870 962 3935 Propertio,
973 3869 1103 3919 familiaris.
1115 3871 1202 3935 dequo
1213 3869 1244 3918 ad
1252 3871 1325 3920 Clau·

830 3944 926 3992 disnnm
938 3944 963 3992 ii.
980 3943 1096 3994 inRufin.
1106 3947 1147 3994 98.
1162 3945 1253 4009 adfecto
1269 3949 1325 3993 ami·

830 4034 857 4065 ea
867 4032 909 4083 pro
920 4033 991 4081 egra,
1002 4027 1043 4067 rut
1053 4035 1106 4083 qun
1120 4035 1145 4067 se
1156 4034 1243 4082 egram
1253 4019 1327 4068 umn-

830 4090 873 4146 let,
885 4099 948 4139 recte
959 4090 1053 4140 dicitnr.
1088 4093 1163 4140 Visere
1171 4096 1202 4140 nd
1217 4095 1324 4156 aliquem,

830 4164 903 4214 etiam
913 4163 1008 4230 elegans
1017 4165 1129 4229 loquendi
1139 4165 1230 4224 modus,
1238 4167 1325 4215 Teren-

831 4237 863 4286 tio
874 4237 1007 4301 Plautoque
1018 4254 1065 4286 non
1075 4239 1204 4303 neglectus.
1233 4240 1327 4290 Lucret.

831 4311 873 4360 lib.
884 4308 918 4358 vi.
932 4311 1004 4359 12³6.

865 4384 926 4432 Naar
935 4387 1068 4448 pomumque
1083 4401 1133 4434 uos
1140 4385 1279 4451 sugium
1293 4392 1327 4437 ci·

896 4473 944 4505 urs
953 4460 984 4505 ud
994 4475 1071 4524 egros.
1203 4460 1293 4511 Herus.

833 4530 890 4579 vid.
901 4530 932 4579 nd
942 4531 1018 4596 Epist.
1028 4530 1064 4580 iii.
1079 4533 1134 4581 104.

865 4606 908 4655 22.
932 4604 1046 4670 indiciis]
1071 4607 1207 4672 legendum
1226 4621 1262 4660 est
1278 4627 1327 4660 om·
