3600 5925
575 770 797 836 AMORUM.
834 771 925 837 LIB.
949 774 976 836 Ι.
999 777 1031 837 5.
1260 774 1326 838 im

282 943 380 1016 Cum
398 966 529 1039 surges
547 944 693 1017 obitura
709 945 873 1030 domum,
892 969 1089 1042 surgemus
1106 956 1145 1018 et
1161 969 1312 1034 omnes;

332 1060 377 1134 ln
394 1061 560 1134 medium
576 1063 696 1134 turbae
711 1061 769 1136 fac
788 1084 931 1138 memor
943 1085 1078 1159 agmen
1095 1084 1172 1136 eas.
1275 1061 1323 1134 56

240 1241 242 1246 ,
279 1174 440 1273 Agmine
458 1199 518 1249 me
536 1177 793 1263 invenissent
809 1177 1018 1263 invenieris
1038 1178 1075 1249 in
1092 1176 1168 1250 illo.

331 1290 524 1390 Quidquid
542 1294 593 1367 ibi
611 1294 749 1390 poteris
767 1305 933 1390 tangere,
951 1304 1064 1390 tange
1082 1294 1169 1365 mei.

280 1404 347 1480 Me
365 1408 560 1482 miserum!
586 1432 727 1507 paucas
745 1409 870 1482 monui
888 1410 991 1507 quod
1008 1409 1126 1507 prosit
1143 1409 1181 1481 in
1197 1407 1319 1480 horas.

330 1524 490 1622 Separor
508 1550 531 1599 a
546 1526 712 1612 domini,
732 1536 842 1600 nocte
855 1527 1026 1623 jubente,
1044 1526 1144 1599 med.
1272 1526 1322 1595 60

280 1637 402 1714 Nocte
418 1641 474 1713 vir
490 1641 679 1716 includet:
707 1642 869 1715 lacrimis
886 1665 958 1738 ego
975 1650 1132 1714 moestus
1148 1638 1303 1723 obortis,

330 1754 417 1839 Qus
434 1756 535 1842 lieet,
555 1758 603 1830 ud
621 1781 739 1832 suevos
756 1780 962 1856 prosequor
973 1778 1094 1853 usque
1111 1754 1222 1827 fores.

280 1868 422 1944 Oscula
434 1873 514 1969 jam
531 1883 670 1948 sumet:
686 1875 766 1970 Jam
784 1896 859 1945 non
874 1882 1021 1946 tontum
1038 1870 1170 1944 osculo
1185 1876 1320 1941 sumet.

329 1985 439 2070 Quod
456 1990 547 2063 mihi
563 1990 632 2064 dos
649 1989 787 2077 furtim,
802 1993 886 2087 jure
904 1999 1037 2064 coacte
1052 1986 1174 2062 dabis.

278 2100 418 2176 Verum
436 2106 551 2179 invita
567 2106 655 2180 doto
673 2108 798 2203 (potes
816 2104 906 2198 hoe)
920 2104 1130 2200 similisque
1148 2109 1306 2174 conctae:

328 2217 528 2295 Blanditiae
545 2232 715 2308 taeeaut3
745 2222 871 2319 sitque
888 2221 1053 2317 maligna
1064 2218 1206 2290 Venus.
1272 2218 1321 2286 66

279 2332 320 2404 Si
339 2357 422 2409 mea
439 2348 526 2412 vota
541 2339 678 2424 valent,
698 2338 803 2410 illum
816 2315 970 2436 quoquc
988 2336 1040 2409 nil
1053 2337 1172 2432 juvet,
1191 2342 1301 2429 opto:

329 2449 395 2522 Sin
414 2452 557 2540 minus;
586 2464 743 2527 atcerte
761 2464 800 2527 te
812 2455 920 2549 juvet
936 2452 1024 2524 inde
1041 2449 1144 2523 nihil.

279 2563 357 2638 Sed
381 2591 629 2665 quoscumque
647 2581 772 2642 tamen
790 2580 940 2643 noctem
953 2567 1100 2641 fortuna
1116 2574 1318 2663 sequatur3

328 2680 422 2755 Cras
441 2684 531 2756 mihi
549 2685 734 2758 constanti
748 2708 840 2758 voce
857 2684 1008 2759 dedisse
1026 2705 1135 2778 nega.
1272 2684 1321 2750 70

632 3096 876 3172 ELEGIA
920 3097 966 3170 V.

277 3247 404 3321 AEstus
420 3258 513 3333 erat,
532 3248 770 3345 mediamque
787 3248 869 3323 dies
886 3255 1065 3344 exegerat
1077 3245 1228 3320 horum:

327 3363 495 3462 Adposui
513 3363 637 3438 medio
654 3365 823 3438 membra
839 3362 1102 3438 levundstoro.

308 3559 348 3607 62.
366 3559 491 3623 Persequor
505 3578 574 3623 usque
584 3562 671 3626 sora]
692 3561 771 3611 Prote·
823 3561 930 3613 laomim
939 3559 1066 3617 meridiari,
1076 3558 1220 3609 ostenderet.
1236 3564 1260 3603 et
1274 3553 1319 3601 rni-

274 3648 334 3696 ρων
360 3633 479 3684 meliores.
500 3650 551 3701 pro,
571 3638 602 3685 od
622 3653 689 3685 rever
706 3636 773 3700 fores
823 3651 875 3685 nun
890 3651 937 3684 nou
954 3633 993 3691 sit,
1005 3633 1070 3699 quod
1086 3629 1225 3681 Corinmn
1240 3628 1321 3676 tunica

274 3706 460 3765 Arondelienns,
481 3713 513 3758 ad
531 3727 612 3761 vous.
645 3712 722 3769 Forte,
742 3714 773 3759 ad
822 3709 861 3759 rel
871 3704 1166 3774 tenninimsprocesserit.
1198 3701 1237 3751 Sic
1254 3702 1320 3751 Naso

273 3783 363 3830 surdas
380 3780 411 3830 de
429 3797 477 3846 quo
492 3783 565 3849 poulo
581 3791 633 3850 post
649 3784 719 3848 Eleg.
738 3784 772 3832 vi.
823 3780 1115 3832 inTmsmuutionibm:

275 3869 336 3901 vers.
347 3855 389 3904 62.
406 3854 536 3906 Hnssros.
560 3858 686 3920 Prosequor
696 3864 772 3906 recte:
856 3857 935 3905 AErtru
949 3866 1009 3914 erut,
1019 3857 1147 3919 meeum
1162 3853 1320 3917 diagonios-

276 3926 773 3985 nmornenimetofficiivertnnestcun
887 3939 1049 3979 muttum.
1174 3927 1288 3975 Mintur.

275 4000 415 4051 sonituum
432 4002 547 4067 aliquem.
563 4002 614 4051 vid.
628 4002 772 4068 Epistxvu
855 4004 881 4052 2
899 4002 1051 4067 Medum]
1068 3997 1321 4051 ocendmeertede-

275 4073 332 4125 2⁴⁶.
343 4083 368 4125 et
379 4075 446 4126 tlibi.
822 4070 1320 4131 tiermeuudebethsevosbiseodem

492 4175 557 4187 —
822 4149 925 4199 disticho
932 4150 1041 4216 repetitu.
1057 4149 1087 4198 lu
1094 4147 1186 4198 duobos
1195 4145 1320 4196 Vaticanis

309 4222 437 4287 llam]
455 4224 495 4273 Sic
506 4223 605 4290 quidem
616 4223 773 4288 inexemplu-
822 4233 881 4281 ent,
903 4223 1003 4287 luponi
1024 4234 1101 4273 teucro
1117 4231 1174 4271 toro.
1191 4219 1256 4287 quod
1272 4236 1319 4270 non

274 4294 340 4345 ribus
354 4298 477 4363 limusque
497 4299 587 4371 lectum
602 4307 654 4348 est:
670 4298 714 4347 red
725 4313 773 4348 non
822 4293 1319 4364 placetnediittmenton'frequentisrime

276 4368 321 4417 nisi
337 4369 431 4436 ineptus
446 4387 529 4422 teum
545 4373 696 4439 elieipotest.
728 4374 773 4423 la-
824 4374 920 4429 mentiu
937 4372 978 4422 ubi
998 4372 1028 4421 ds
1045 4370 1211 4421 wcubentibtn
1231 4366 1317 4434 egitur.

276 4442 380 4506 gendum
391 4444 772 4509 igitur,utincorrectiorioodiee
823 4446 1185 4514 sedqsielrucvonoepecum
1195 4443 1318 4502 ordove}

276 4512 389 4572 tillim,
399 4518 484 4574 Μ,
494 4528 521 4567 ut
532 4528 556 4569 et
571 4520 661 4571 astatis
671 4530 773 4588 tempus,
823 4537 893 4571 vocuo
911 4529 1076 4579 commutatur,
1093 4528 1121 4570 ut
1138 4535 1202 4587 supr.
1220 4516 1252 4568 ed
1269 4517 1316 4582 sp.

276 4605 325 4654 quo
346 4600 439 4656 propter
460 4602 540 4643 noctes
561 4594 679 4646 breviores
697 4595 772 4646 solem
822 4598 872 4646 ris.
884 4597 940 4646 158.
953 4595 1064 4654 vidimus,
1074 4594 1235 4647 durumne
1245 4589 1316 4656 recipi

926 4679 985 4730 xi
