3600 5925
526 779 668 846 ARTIS
693 776 959 846 AMATORIAE
983 776 1073 844 ΠΒ.
1099 779 1127 845 1.
1282 779 1346 848 477

308 954 394 1029 Sint
409 955 522 1030 etium
539 965 605 1028 tun
620 965 706 1028 vota
721 954 800 1027 viro
816 953 1003 1053 placuisse
1021 953 1167 1051 puelle.

357 1070 493 1145 Utilior
508 1070 604 1144 votis
620 1068 741 1143 factus
759 1069 902 1143 amicus
919 1070 1001 1143 crit.
1271 1075 1346 1145 480

307 1184 419 1272 Huic,
437 1185 469 1258 si
487 1195 586 1259 sorte
603 1185 723 1271 bibes,
742 1194 881 1259 sortem
898 1183 1065 1258 concede
1082 1184 1263 1282 priorem:

357 1300 456 1375 Huic
473 1301 584 1377 detur
600 1301 714 1400 capiti
731 1301 886 1400 dempta
902 1323 1038 1373 corona
1055 1311 1133 1373 tuo.

308 1414 396 1491 Sive
413 1417 463 1490 sit
479 1416 639 1503 inferior,
657 1440 725 1490 seu
743 1440 822 1515 par,
842 1416 942 1515 prior
959 1416 1084 1488 omnia
1100 1427 1243 1490 sumat:

357 1531 444 1607 Neu
462 1532 612 1607 dubites
630 1531 683 1605 illi
699 1533 812 1606 verba
829 1530 997 1631 secunda
1013 1531 1128 1627 loqui.

306 1645 661 1745 Tutefrequcnsque
668 1646 727 1720 ria
736 1658 806 1733 cst,
815 1669 882 1745 per
891 1645 1053 1719 amicum
1060 1645 1187 1719 fallere
1196 1669 1344 1722 nornen.

356 1761 959 1861 Tutafrcquensqueiicetsitvia3
979 1760 1119 1834 crimen
1133 1762 1259 1835 habet.
1271 1767 1344 1838 586

308 1876 401 1952 inde
419 1883 634 1977 procurator
647 1877 802 1950 nimium
821 1899 974 1973 quoque
991 1876 1108 1950 multu
1125 1890 1311 1975 procurat,

261 2063 273 2079 ,
358 1991 409 2067 Et
425 1995 497 2067 sibi
515 1993 700 2068 mandatis
717 1993 827 2091 plura
841 1992 1002 2066 videnda
1018 2003 1138 2091 putet.

307 2107 424 2183 Certa
439 2109 508 2183 tibi
524 2132 548 2183 a
563 2110 672 2185 nobis
689 2110 839 2184 dabitur
855 2133 1032 2184 mensura
1047 2110 1221 2185 bibendi:

358 2222 533 2298 Officium
546 2237 726 2324 praestent
738 2250 922 2325 mensque
935 2228 1128 2324 pedesque
1137 2251 1259 2300 suum.
1272 2231 1346 2302 590

305 2336 438 2437 Jurgia
453 2342 654 2440 praecipue,
672 2343 759 2416 vino
775 2343 977 2428 stimulatu,
996 2354 1140 2428 caveto,

358 2454 409 2530 Et
424 2457 580 2530 nimium
596 2457 725 2532 faciles
743 2457 791 2531 ud
808 2456 888 2530 sera
904 2456 1005 2530 bella
1021 2479 1165 2529 manus.

309 2567 461 2645 Occidit
478 2570 661 2671 Eurytion
679 2573 792 2647 stuite
809 2573 900 2646 datu
915 2573 1001 2647 vina
1017 2573 1195 2647 bibendo.

357 2685 492 2784 Aptior
507 2698 566 2760 est
581 2686 682 2760 dulci
700 2710 831 2761 mensa
847 2710 1068 2785 merumque
1080 2691 1181 2785 joco.

311 2800 352 2874 Si
368 2825 443 2875 rox
459 2812 530 2888 est,
549 2814 679 2878 cantu:
712 2803 743 2876 si
762 2804 889 2876 mollia
905 2801 1071 2888 brachia,
1089 2803 1202 2876 saltu:
1271 2807 1345 2878 595

360 2916 423 3006 Et,
441 2940 680 3018 quacumque
698 2929 807 3019 potes
823 2919 912 2994 dote
928 2919 1089 3018 placere,
1108 2918 1227 3017 place.

341 3200 398 3249 601.
416 3199 479 3250 Huic
495 3203 515 3250 ri
524 3201 591 3267 sorte
601 3202 685 3266 tium]
704 3202 729 3251 Si
744 3212 802 3252 rorte
883 3202 940 3252 58⁷.
957 3200 1015 3249 inde
1029 3199 1167 3263 Propinotor
1180 3202 1276 3248 nimian
1293 3218 1346 3265 quo-

312 3271 412 3323 Pnteani
430 3282 455 3324 et
471 3274 585 3340 Scaligeri
601 3286 722 3342 excerpta.
739 3292 802 3327 rere.
851 3277 1096 3340 oar-durmin«.
1121 3274 1226 3338 Boii]
1245 3275 1345 3339 Depre

308 3356 390 3396 uotum
404 3348 474 3407 illud,
491 3349 540 3399 Nec
557 3366 629 3416 regno
645 3354 693 3400 viai
710 3354 803 3401 sortiere
849 3354 954 3413 pinoton
969 3352 1112 3412 propinante,
1122 3348 1186 3414 quod
1196 3348 1239 3398 viri
1253 3349 1347 3407 eruditi.

309 3423 373 3470 talio.
389 3431 440 3470 tum
458 3433 483 3472 et
500 3423 554 3482 hoc,
569 3424 641 3479 Quen
653 3424 727 3474 Vener
741 3427 802 3474 orii-
851 3421 1093 3490 depravatoacodicea
1102 3420 1230 3479 seruitute
1237 3421 1347 3488 produnt,

309 3504 372 3542 eruar
387 3498 447 3544 dicet
463 3498 560 3546 ὸϋεκάι.
591 3497 630 3547 De
644 3498 697 3563 lege
709 3498 803 3549 Talaria
851 3512 930 3546 arero
937 3496 1042 3545 alienum
1051 3504 1096 3545 eat.
1117 3495 1180 3545 Libri
1192 3504 1256 3544 certe
1266 3496 1345 3545 melio

308 3567 467 3617 conviviorum
475 3570 526 3635 jem
540 3570 634 3620 abunde
644 3570 803 3621 &meruerunt
852 3569 1068 3620 reanihilrariant.
1100 3568 1158 3634 Agit
1167 3569 1198 3618 de
1213 3578 1346 3634 procurato·

309 3640 516 3692 homineaernditi.
548 3642 639 3693 Hura.
851 3641 1211 3709 ribua.qnoadomiuiabaentee
1221 3642 1348 3693 numni·

342 3715 399 3763 582.
417 3714 722 3779 mammonam]
734 3716 801 3765 Dou-
852 3716 1035 3772 constituebant,
1053 3713 1141 3780 quique
1158 3712 1204 3763 iata
1223 3714 1346 3766 occasione

308 3805 337 3839 ra
353 3789 469 3841 retinebat
484 3793 557 3849 nien,
567 3800 592 3840 et
607 3790 751 3856 explicabat,
763 3804 803 3839 co·
852 3804 934 3838 eorum
949 3790 1209 3853 auctoritate,quorn1n
1226 3803 1264 3837 rea
1279 3804 1345 3839 cura·

310 3879 390 3913 ronam
400 3872 442 3913 tuo
452 3864 524 3931 capiti
534 3874 639 3931 paratam
649 3863 803 3913 deatinatam·
852 3863 919 3919 bant,
931 3876 1099 3928 nonnunqum
1109 3860 1276 3912 abutebantur.
1308 3863 1347 3914 lta

310 3952 357 4003 qne
372 3937 410 3986 illi
429 3936 533 4004 impone,
551 3946 664 4002 tanquam
683 3936 803 3986 meliorem
852 3949 908 3984 cum
918 3934 1037 3999 Naugerio
1047 3934 1118 3983 etium
1128 3933 1275 3985 doctiaaimua
1284 3937 1346 3986 Gro-

309 4027 338 4061 ac
348 4010 479 4077 digniorem
488 4011 604 4061 demereri
614 4027 720 4078 cuperea.
737 4013 804 4060 niara
852 4008 935 4058 novius
947 4009 1025 4058 locum
1037 4008 1109 4075 capit.
1121 4008 1163 4074 qui
1176 4008 1236 4059 illud
1249 4013 1347 4062 otdruda

309 4103 392 4135 mm
401 4086 473 4136 etiarn
483 4085 526 4135 lib.
535 4084 563 4134 ii.
574 4084 627 4134 Art.
636 4086 694 4135 269.
851 4080 960 4147 aequenti
972 4097 1041 4131 resno
1057 4082 1222 4148 interpretatur
1236 4097 1279 4149 pro
1293 4101 1346 4150 pro·

342 4160 399 4209 ⁶⁸⁴.
413 4159 484 4208 Veron
492 4161 591 4209 recondo
602 4158 683 4223 logui]
697 4159 803 4208 Proximo
853 4155 958 4206 videnda
967 4164 992 4205 et
1002 4154 1116 4206 curanda.
1150 4156 1239 4205 Bunrr.

311 4231 517 4283 mioPalatinua.
533 4231 609 4281 mele:
626 4231 804 4297 eatidemquod
885 4231 944 4279 Μ.
963 4229 1051 4279 Fortior
1065 4233 1095 4279 ad
1102 4230 1161 4296 sera
1175 4232 1234 4280 belia
1244 4235 1345 4302 naum]

311 4304 805 4372 TerentiuaHeautir.ri.22.etAdelph.
854 4302 955 4369 Regina,
969 4315 994 4353 et
1011 4320 1053 4354 aex
1070 4304 1185 4370 aliisae
1205 4307 1279 4355 oerio.
1303 4307 1348 4361 hoe

311 4395 337 4427 r.
355 4377 389 4427 ix.
405 4378 447 4427 ³⁷.
462 4378 523 4428 dixit
540 4381 688 4429 oireeuadare
705 4381 731 4428 ia
749 4381 805 4435 ioco,
854 4386 900 4433 eat,
913 4392 996 4426 manua
1004 4385 1087 4426 cavete
1095 4377 1241 4443 interjurgia
1250 4378 1347 4433 nimium

311 4468 358 4501 non
373 4451 542 4510 contradicere,
554 4469 598 4503 nec
615 4451 747 4513 advenam
763 4451 805 4502 aad
854 4459 984 4515 perarmet
993 4451 1350 4517 promimperqumadverbe.

311 4523 425 4575 assentari
440 4535 465 4574 et
481 4525 533 4591 ejua
547 4526 668 4578 amende
685 4524 805 4577 accedere.
855 4522 995 4573 raarerbia
1004 4522 1120 4575 veniatur.
1153 4523 1243 4575 Huua.

313 4599 402 4648 Boane.
