3600 5925
545 849 806 916 HEROIDES.
832 848 902 912 ΕΡ.
921 847 1032 912 XIII.
1250 845 1311 908 lul

268 1023 405 1097 Aulide
421 1032 462 1096 te
478 1022 578 1096 fama
594 1033 653 1095 est
668 1031 781 1096 vento
799 1021 984 1094 retinente
1001 1018 1148 1092 morari.

318 1138 400 1213 Ah!
427 1162 488 1213 me
505 1163 593 1212 cum
610 1137 771 1233 sugeres,
790 1136 851 1209 hie
871 1136 937 1208 ubi
953 1145 1085 1208 ventus
1103 1135 1206 1207 erati

267 1252 364 1327 Turn
382 1253 478 1328 freta
494 1254 701 1327 debuerant
717 1252 848 1326 vestris
867 1250 1050 1324 obsistere
1069 1250 1193 1322 remis,
1288 1253 1312 1321 5

318 1368 417 1443 Illud
436 1380 517 1443 erat
533 1370 642 1442 saevis
660 1367 750 1442 utile
768 1380 917 1465 tempus
938 1366 1059 1464 aquis.

269 1482 413 1559 Oscula
428 1486 537 1583 plura
552 1485 643 1570 viro,
662 1485 914 1579 mandataque
931 1483 1039 1580 plura
1056 1481 1267 1555 dedissem:

319 1599 371 1673 Et
387 1611 476 1673 sunt
493 1624 579 1696 quae
596 1591 696 1671 ‘volui
713 1600 837 1671 dicere
854 1598 964 1696 plura
980 1597 1061 1670 tibi.

268 1713 419 1812 Raptus
437 1739 478 1789 es
497 1715 583 1788 hinc
602 1736 793 1811 praeeeps:
814 1722 865 1797 et,
885 1712 952 1807 qui
969 1721 1036 1783 tua
1050 1709 1134 1783 vela
1149 1720 1311 1792 vocaret,

319 1829 443 1914 Quem
455 1839 637 1926 cuperent
653 1823 789 1915 nautae,
805 1851 878 1900 non
896 1851 980 1923 ego,
995 1836 1128 1900 ventus
1146 1835 1236 1898 erat.
1269 1829 1314 1896 10

266 1942 413 2017 Ventus
431 1953 511 2017 erat
527 1942 651 2017 nautia
669 1951 792 2041 aptus,
811 1965 886 2016 non
904 1951 1015 2039 aptus
1033 1941 1186 2014 amanti.

319 2058 451 2152 Solvor
467 2060 515 2132 ab
533 2058 723 2156 amplexu,
743 2055 963 2142 Protesilai,
982 2066 1068 2142 tuo;

267 2171 488 2271 Linguaque
505 2173 718 2248 mandantis
737 2172 851 2245 verba
871 2170 1093 2269 imperfecta
1112 2170 1310 2268 relinquit3

316 2287 391 2361 Vix
409 2289 502 2362 illud
519 2287 643 2387 potuit
658 2289 784 2361 dicere
802 2289 909 2362 triste
927 2287 1034 2361 Vale,

268 2402 445 2477 Incubuit
463 2404 618 2490 Boreas,
638 2415 863 2503 arreptaque
880 2405 965 2478 vela
982 2403 1159 2488 tetendit;
1269 2407 1311 2480 15

315 2517 477 2616 Jamque
495 2543 602 2592 meus
619 2520 731 2614 longe
750 2518 982 2593 Protesilaus
1000 2528 1091 2592 erat.

268 2632 370 2707 Dum
388 2633 496 2731 potui
514 2643 687 2731 spectare
704 2634 836 2719 virum,
856 2643 1029 2732 spectare
1043 2633 1217 2730 juvabat:

319 2748 489 2845 Sumque
507 2758 591 2822 tuos
609 2749 737 2821 oculos
755 2773 875 2846 usque
893 2761 1025 2824 secuta
1041 2749 1148 2822 meis.

270 2862 326 2936 Ut
343 2874 381 2936 te
400 2886 474 2934 non
491 2873 673 2960 poteram,
693 2874 862 2961 poteram
881 2874 948 2939 tua
964 2866 1047 2939 vela
1063 2865 1211 2937 videre:

319 2978 415 3053 Vela
431 2980 495 3051 diu
513 2980 638 3052 vultus
655 2979 848 3054 detinuere
866 3006 983 3056 meos,
1044 3062 1046 3065 .
1266 2984 1316 3051 20

266 3093 319 3168 At
335 3103 538 3193 postquam
557 3118 627 3168 nee
645 3106 695 3182 te,
716 3120 785 3170 nec
803 3098 887 3170 vela
903 3096 1052 3193 fugacia
1068 3097 1165 3183 vidi;

317 3210 368 3283 Et
385 3212 487 3307 quod
505 3222 731 3310 spectarem,
752 3213 816 3299 nil,
836 3213 910 3286 nisi
928 3224 1078 3312 pontus,
1097 3224 1177 3287 erat
1187 3241 1197 3300 ;

268 3324 350 3400 Lux
363 3350 516 3425 quoque
529 3339 656 3402 tecum
669 3328 779 3417 abiit3
800 3330 966 3403 tenebris
977 3329 1159 3425 exanguis
1172 3326 1313 3402 obortis

318 3441 507 3515 Succiduo
524 3442 628 3516 dicor
645 3445 891 3542 procubuisse
909 3469 1021 3543 genu.
1096 3496 1098 3501 ,

298 3691 323 3739 3.
340 3692 425 3739 Aulide
441 3699 463 3739 te
470 3689 540 3755 samu
555 3701 595 3749 ast,
605 3692 666 3756 ire]
684 3692 762 3751 Aulis,
812 3704 856 3745 est.
882 3695 1019 3745 Crorsuus.
1053 3694 1133 3743 Male:
1149 3709 1197 3741 non
1213 3692 1313 3741 enimin

264 3763 367 3812 Breotia
377 3773 457 3828 portus
467 3772 491 3813 et
501 3764 623 3830 oppidum,
633 3767 683 3823 ubi,
694 3783 762 3833 prop·
813 3768 941 3834 Phrygiam
961 3769 1041 3817 statim
1062 3765 1216 3822 Protesilaus,
1237 3764 1279 3813 sed
1298 3780 1312 3812 e

264 3845 299 3887 ter
309 3853 403 3886 cerrum
418 3838 502 3887 Diana
519 3854 611 3888 sacram
627 3841 658 3888 ab
674 3839 762 3905 impru·
811 3849 881 3906 portu
896 3842 1000 3907 quodam
1016 3839 1155 3895 ibeasalias,
1170 3838 1195 3886 in
1210 3837 1312 3887 Boeotie

264 3910 335 3960 dente
342 3911 521 3976 Agamemnone
526 3912 684 3969 interiectam,
694 3913 761 3961 Gras-
812 3924 905 3979 portum
913 3914 1036 3971 Aulidem,
1044 3914 1085 3962 ubi
1093 3921 1225 3963 conventus
1235 3911 1311 3962 indie-

264 3984 762 4050 unriojamnsvigaturiaentomorante,
812 3994 912 4036 turserat
928 3988 1066 4037 Graecorum
1078 3986 1157 4042 classi,
1173 3986 1310 4051 navigabat.
1401 3998 1410 4015 ·

263 4056 762 4123 detentisunt,doneeadplacandumDea
814 4059 903 4108 Boreas
922 4060 994 4123 igitur
1013 4061 1109 4109 omnino
1131 4063 1243 4109 oeeuudus
1262 4068 1313 4109 erat

263 4131 442 4187 membran
457 4131 609 4199 Iphigeniam
624 4148 707 4195 regum
723 4149 764 4182 rex
815 4140 907 4180 ventus.
938 4134 1051 4181 husan.

262 4204 427 4259 immolavem.
445 4205 764 4273 Vid.Eurip.drama,qund
847 4206 889 4253 23.
907 4203 961 4254 Lus
980 4223 1065 4269 quoqu
1085 4216 1158 4255 taciem
1177 4208 1234 4255 abiit
1249 4216 1310 4257 teue-

265 4278 341 4347 Iptig.
351 4285 378 4330 s'a
389 4284 470 4331 Aulia
479 4280 623 4331 inscribitur.
640 4281 735 4331 Lueret.
745 4282 762 4332 i.
812 4283 900 4343 trisque
910 4283 1020 4347 saumis
1029 4283 1110 4329 σὸοπὶι
1125 4282 1238 4332 Suesidw
1247 4286 1311 4334 ditor

263 4355 305 4403 84.
316 4363 403 4422 etsqq.
414 4356 483 4421 Virg.
492 4357 550 4405 AEu.
561 4355 587 4405 ii.
598 4357 657 4417 1163
667 4365 691 4405 et
700 4356 761 4406 Nos·
809 4356 956 4420 procubuisse
962 4355 1049 4420 genu]
1068 4356 1099 4404 Se
1116 4366 1210 4424 propter
1225 4358 1268 4407 viri
1284 4359 1309 4409 in

263 4435 333 4483 uum,
343 4429 406 4478 Met.
420 4428 463 4477 sii.
473 4429 515 4486 27,
525 4437 550 4478 et
560 4444 614 4495 sqq.
649 4428 739 4479 Ausa.
810 4427 902 4479 bellum
928 4428 1057 4494 Trojanurn
1083 4430 1209 4480 abitionem
1231 4433 1310 4484 aalma
1370 4446 1379 4463 ·

298 4502 337 4550 15.
356 4500 465 4551 Incubuit
476 4502 583 4566 Boram]
597 4502 644 4551 Pro
654 4503 761 4568 quolibet
810 4501 925 4552 deiecisse
941 4503 982 4551 ait.
1016 4502 1115 4554 Plautus
1130 4505 1155 4554 ia
1166 4507 1308 4558 Curculione

261 4584 333 4624 ventu
350 4575 451 4641 propitio
468 4577 578 4635 euntibus
596 4575 719 4627 sGrucia
734 4578 758 4627 in
809 4576 931 4626 ii.iii.30.
968 4577 1071 4628 reum
1080 4582 1309 4648 munsungenuu

262 4648 400 4713 Phrygiam.
425 4649 760 4716 AlioquiBmsscontrarius
809 4653 1023 4702 adiuuandum.
1056 4654 1128 4705 Cios.
