3600 5925
585 773 845 840 HEROIDES.
870 773 940 838 ΕΡ.
965 765 1109 840 XVIII.
1304 777 1371 842 9411

327 943 402 1024 Hei
418 946 526 1020 mihil
546 969 613 1019 cur
630 947 754 1020 animo
763 947 886 1044 juncti
900 946 1129 1020 secernimur
1146 946 1280 1020 undisl
1298 953 1369 1022 125

378 1063 543 1160 Unaque
560 1086 680 1148 mens,
700 1063 812 1137 tellus
830 1086 905 1135 non
923 1062 1039 1135 habet
1055 1085 1130 1134 una
1145 1062 1262 1136 duos?

325 1177 399 1251 Vel
416 1188 484 1251 tua
499 1201 561 1251 me
573 1176 725 1263 Sestos,
743 1177 802 1250 vel
819 1187 858 1251 te
876 1200 962 1249 mea
979 1187 1103 1250 sumat
1120 1176 1300 1275 Abydos:

377 1291 473 1365 Tam
491 1303 558 1366 tua
574 1302 675 1365 terra
690 1291 794 1377 mihi,
814 1314 929 1388 quam
946 1290 1016 1364 tibi
1034 1302 1162 1366 nostra
1180 1293 1318 1389 placet.

327 1404 408 1480 Cur
424 1430 495 1503 ego
513 1405 733 1492 confundor,
753 1405 902 1503 quoties
920 1405 1159 1479 confunditur
1177 1409 1328 1506 aequor?

377 1521 456 1594 Cur
473 1522 564 1594 mihi
582 1545 719 1595 caussa
737 1522 841 1607 levis
859 1533 1006 1608 ventus,
1026 1523 1163 1596 obesse
1180 1524 1327 1620 potest?

324 1634 348 1708 J
351 1660 412 1709 am
430 1648 578 1711 nostros
595 1637 698 1709 curvi
716 1646 852 1708 norunt
869 1635 1067 1732 delphines
1086 1659 1249 1711 amores:
1300 1643 1363 1711 131

376 1750 553 1847 Ignotum
570 1776 641 1825 nec
659 1775 720 1824 me
737 1751 906 1849 piscibus
924 1775 1009 1824 esse
1026 1774 1121 1824 reor.

324 1864 348 1938 J
351 1889 412 1940 am
429 1877 535 1964 patet
552 1868 700 1940 attritus
719 1867 912 1940 solitarum
929 1867 1037 1940 limes
1054 1891 1255 1964 aquarum;

377 1980 464 2057 Non
482 1982 600 2068 aliter,
620 1982 738 2054 multa
755 2006 870 2080 quam
887 1984 948 2056 via
965 2006 1099 2082 pressa
1110 1984 1206 2070 rota,

325 2094 437 2180 Quod
450 2097 542 2170 mihi
555 2121 629 2171 non
639 2108 752 2184 esset,
765 2099 836 2172 nisi
847 2099 902 2171 sic
913 2099 1060 2185 iterare,
1073 2098 1275 2195 querebar:
1300 2102 1369 2171 135

373 2211 425 2285 At
441 2236 541 2285 nunc
559 2236 626 2310 per
643 2223 774 2286 ventos
792 2215 863 2286 hoc
882 2238 1037 2312 quoque
1055 2215 1188 2287 deesse
1203 2238 1350 2310 queror.

324 2323 517 2400 Fluctibus
528 2327 738 2402 immodicis
752 2327 1042 2401 Athamantidos
1055 2351 1209 2424 aequora
1218 2340 1366 2414 canent,

372 2440 523 2539 Vixque
540 2453 667 2517 manet
684 2452 795 2541 portu
811 2454 894 2517 tuta
910 2444 1037 2517 carina
1050 2467 1132 2516 suo.

324 2551 408 2628 Hoc
423 2580 538 2643 mare,
553 2557 814 2656 cumprimum
831 2559 879 2632 de
893 2557 1048 2654 Virgine
1062 2558 1214 2632 nomina
1227 2560 1365 2644 mersa,

374 2668 470 2754 Quae
487 2682 604 2758 tenet,
623 2682 683 2745 est
699 2683 864 2760 nactum,
883 2674 959 2747 tale
976 2675 1092 2748 fuisse
1109 2685 1215 2773 puto.
1297 2679 1367 2747 140

324 2782 377 2857 Et
393 2785 484 2858 satis
502 2786 642 2858 amissa
660 2786 767 2860 locus
784 2787 846 2861 hic
865 2787 1011 2861 infamis
1029 2789 1076 2862 ab
1097 2787 1208 2862 Helle
1225 2799 1304 2863 est:

376 2897 507 2997 thue
524 2900 616 2973 mihi
633 2911 775 3000 parcat,
795 2902 950 2976 crimine
967 2927 1103 2978 nornen
1121 2903 1248 2976 habet.

323 3010 470 3087 Invidio
488 3014 663 3114 Phryxo;
685 3041 800 3114 quem
818 3042 885 3117 per
903 3020 998 3093 freta
1014 3020 1135 3094 tristia
1151 3029 1275 3092 tutum

372 3127 498 3203 Aurea
514 3130 680 3227 lanigero
697 3133 834 3206 vellere
847 3133 951 3206 vexit
968 3134 1059 3207 ovis.

324 3241 406 3316 Nec
425 3255 552 3319 tamen
569 3245 732 3330 officium
751 3248 899 3345 pecoris
918 3248 1069 3323 navisve
1087 3249 1254 3346 requiro:
1297 3253 1366 3323 145

373 3357 600 3446 Dummodo,
619 3386 715 3458 quas
728 3362 868 3438 findam
887 3388 1057 3463 corpore,
1073 3365 1209 3439 dentur
1226 3389 1347 3464 aquae.

358 3597 412 3647 126.
431 3598 527 3664 Unaque
536 3602 619 3665 meus]
637 3604 740 3671 Elegnns
749 3606 815 3656 locu·
902 3608 983 3663 Quaers
992 3623 1070 3658 naum
1080 3625 1122 3657 cur
1132 3625 1180 3656 unc
1191 3611 1249 3657 uices
1259 3611 1305 3657 iter
1314 3611 1364 3666 isit,

320 3669 363 3727 tio,
380 3671 421 3719 ubi
439 3674 603 3738 compendioso
612 3692 717 3727 sermons
733 3679 818 3727 delun·
932 3685 1029 3732 naudi.
1366 3711 1368 3715 ¹

320 3754 417 3809 guntur,
429 3762 471 3810 pro
481 3763 529 3796 una
539 3763 605 3797 mens
612 3749 685 3800 habet
693 3752 765 3811 duos;
774 3753 816 3801 sed
867 3754 893 3801 Si
903 3769 963 3804 sens
974 3756 1018 3804 illa
1033 3754 1157 3819 scriptura.
1173 3752 1228 3803 vids
1243 3754 1320 3802 Notss
1335 3753 1366 3802 sd

320 3833 369 3866 uon
379 3834 428 3867 una
438 3818 509 3869 tellus
523 3820 603 3870 habet.
619 3821 674 3871 vide
684 3825 778 3888 egregie
789 3826 815 3874 J.
867 3828 913 3891 Ep.
930 3828 970 3877 vii.
988 3844 1049 3876 vers.
1066 3828 1106 3875 ⁴0.
1130 3827 1261 3875 Herusrus
1301 3826 1365 3875 Illud

320 3890 359 3939 rr.
370 3891 473 3941 Gronov.
483 3893 515 3942 iv.
526 3895 586 3943 Obs-
596 3896 621 3944 2.
654 3897 743 3944 Bonis.
867 3909 947 3950 tamen
957 3904 1049 3958 iterare,
1060 3900 1125 3965 quod
1138 3899 1163 3948 iu
1173 3898 1267 3965 optimis
1277 3898 1365 3949 codici·

355 3964 409 4014 135.
427 3965 494 4020 Quos
509 3969 566 4015 mihi
580 3985 627 4015 non
642 3978 705 4025 esset,
721 3970 766 4017 uisi
777 3973 817 4027 sic,
866 3974 912 4022 bus
922 3983 1007 4031 exstat,
1018 3974 1058 4022 vir
1071 3973 1147 4022 ausim
1158 3972 1262 4037 rejicere,
1271 3979 1366 4038 propter

321 4041 403 4086 iterim
423 4041 553 4103 quereum]
583 4040 646 4088 ltsru
665 4051 734 4090 retus
759 4042 819 4092 libor
866 4047 927 4095 illud
944 4047 1036 4096 Horatii
1053 4046 1070 4095 i.
1089 4047 1139 4096 Od.
1157 4047 1182 4094 7.
1210 4046 1268 4095 Cras
1286 4048 1366 4112 iugum

321 4112 464 4171 Puteaneus,
481 4113 580 4178 reliquis
596 4114 648 4179 ejus
664 4115 729 4163 verbi
744 4115 818 4164 literis
867 4121 998 4167 iterabimus
1007 4137 1088 4183 equor.
1122 4119 1210 4167 Buris.

320 4184 412 4244 deletis,
422 4196 447 4236 ct
459 4187 583 4237 recentiori
593 4204 665 4237 manu
676 4189 818 4256 superscrip·
902 4190 959 4239 141.
978 4191 1020 4239 Est
1033 4191 1202 4253 susisaniana]
1221 4192 1253 4238 At
1266 4193 1321 4240 rutis
1338 4192 1364 4241 in

322 4264 379 4314 turn,
388 4277 421 4308 re.
431 4263 475 4309 iter
485 4271 539 4310 uste
549 4262 614 4327 prius
625 4261 697 4311 luisse
705 4263 817 4328 suspicor.
868 4280 916 4313 nno
924 4263 1046 4314 Mediceo.
1062 4275 1089 4312 ut
1099 4264 1144 4328 Ep.
1152 4264 1202 4313 xiv.
1214 4265 1254 4313 87.
1270 4263 1364 4315 videtur

321 4332 439 4395 quomodo
449 4333 524 4383 codex
541 4334 637 4384 Mureti.
653 4335 725 4400 idque
736 4351 817 4384 verum
866 4346 947 4386 antem
959 4337 1074 4402 respicere
1092 4336 1123 4384 sd
1141 4335 1215 4403 τάφος
1229 4335 1362 4398 Ἕλληνος,

318 4407 497 4456 ακειίιιὶωο.
530 4407 644 4459 Possetct
654 4410 712 4475 legi,
723 4412 816 4460 iterim.
866 4419 893 4459 ut
909 4409 988 4459 dictus
998 4408 1043 4459 luit
1059 4408 1237 4475 Hellespontus.
1254 4410 1303 4461 vid.
1312 4411 1363 4462 He·

320 4479 599 4532 strenuorum.
865 4484 941 4534 rodol-
951 4483 992 4535 vii.
1000 4485 1041 4535 58.
1073 4485 1162 4535 Eunu.
