3600 5925
790 790 905 849 VITA.

406 954 480 1013 Ossa
492 965 590 1014 tumen
603 955 690 1015 facito
702 975 789 1034 pum
801 956 964 1015 refersntm
977 955 1007 1013 iu
1020 974 1111 1014 urus:

447 1047 497 1107 sic
509 1068 562 1126 ego
575 1068 632 1107 nou
644 1049 732 1108 etium
746 1058 877 1107 mortuus
890 1048 973 1107 exsul
986 1067 1043 1107 ero.

407 1142 476 1202 Non
487 1152 567 1201 vetut
580 1142 633 1201 hoc
645 1142 794 1220 quisquam
806 1164 814 1199 ε
835 1142 954 1200 fratrem
969 1140 1107 1201 Thebans
1119 1151 1280 1221 peremtum

446 1235 604 1314 Supposuit
616 1235 729 1294 tumulo
741 1255 809 1313 rege
822 1246 940 1294 vetante
952 1255 1038 1293 soror.

407 1328 507 1407 Atque
520 1348 554 1388 eu
562 1349 628 1388 uum
641 1328 727 1397 foliis,
741 1339 771 1388 et
784 1329 887 1387 smomi
901 1329 1021 1407 pulvere
1033 1329 1130 1398 misse,
1208 1339 1211 1348 ‘

445 1423 546 1503 Atque
558 1423 722 1482 suburbano
734 1421 849 1481 mndits
862 1421 947 1482 crede
959 1411 1021 1482 sole
1027 1445 1036 1492 ;

410 1516 547 1594 Quosque
559 1515 638 1594 legat
651 1536 750 1575 versus
762 1515 843 1574 oculo
856 1527 1027 1594 properante
1039 1517 1140 1585 vietor,

447 1610 613 1670 Grundibus
625 1611 656 1669 iu
669 1609 777 1669 tumuli
790 1631 929 1669 marmore
941 1610 1018 1670 cede
1031 1612 1123 1671 notis:

408 1705 472 1763 Hm
486 1722 549 1763 seo
561 1722 618 1771 Qut
632 1722 733 1764 nouo
746 1723 951 1763 uuuuuouuu
967 1724 1067 1764 uusou
1082 1724 1231 1774 snouuu,

447 1797 589 1857 Iussum
603 1816 697 1856 suun
713 1798 801 1857 Nsso
815 1818 920 1858 susus
933 1818 1012 1857 uuo.

408 1894 450 1953 At
463 1892 517 1952 tibi
530 1893 580 1971 qui
594 1893 707 1962 transis,
722 1894 831 1952 nonsit
844 1914 941 1971 greve,
955 1894 1085 1973 quisquis
1098 1895 1208 1963 amasti,

446 1988 568 2046 Diuere:
590 1987 715 2048 Nasonis
727 1985 853 2046 molliter
864 2008 926 2047 osse
940 1989 1047 2047 cubent
1059 1990 1066 2044 !

374 2184 494 2248 Missus
513 2193 620 2246 sutem
634 2181 694 2246 fuit
712 2182 746 2245 iu
764 2180 911 2246 exsilium
932 2202 1016 2245 anuo
1030 2181 1154 2266 imperii
1169 2180 1309 2266 Augusti
1324 2205 1373 2247 se-

330 2286 437 2352 eundo
457 2296 491 2349 et
510 2284 784 2368 quiuquagesimo,
807 2283 858 2348 vel
881 2285 1024 2348 circiter:
1053 2284 1165 2367 quinto
1187 2294 1293 2347 autem
1314 2283 1372 2348 Ti-

331 2389 410 2453 berii
429 2386 542 2451 Tomis
561 2385 649 2470 apud
672 2385 776 2450 Getas
797 2387 882 2450 diem
904 2385 993 2450 obiit.
1040 2384 1094 2448 Ex
1115 2407 1181 2468 quo
1201 2382 1371 2469 colligitur,

331 2486 493 2554 exsulasse
508 2508 608 2550 uunos
619 2500 703 2562 octo,
719 2498 753 2551 et
770 2509 896 2551 meuses
915 2485 1047 2570 aliquot.
1093 2484 1262 2570 Sepultum
1276 2488 1371 2551 etium

328 2594 423 2678 juxta
437 2588 593 2675 oppidum
607 2587 728 2653 Tomos
743 2590 842 2653 tradit
857 2588 1031 2652 Eusebius,
