3600 5925
554 838 814 905 HEROIDES.
838 838 910 904 BP.
934 838 1004 905 XI.
1048 911 1050 914 ,
1240 845 1305 910 189

261 1007 404 1086 Nescia
419 1031 506 1108 quae
524 1008 666 1084 faceret
683 1009 828 1084 subitos
846 1011 937 1083 mihi
955 1035 1091 1094 caussa
1106 1014 1265 1102 dolores,

312 1127 362 1200 Et
379 1127 482 1200 rudis
501 1126 549 1198 ad
567 1135 710 1222 partus,
730 1134 769 1198 et
786 1150 881 1199 nova
898 1127 1006 1199 miles
1024 1151 1138 1200 eram.

263 1241 347 1315 Nec
364 1241 468 1315 tenui
486 1264 629 1314 vocem.
683 1238 796 1326 Quid,
817 1239 881 1326 ait,
898 1251 964 1314 tua
979 1242 1136 1315 crimina
1153 1245 1305 1341 prodis?

312 1358 467 1457 Oraque
484 1357 681 1431 clamantis
699 1356 850 1429 conscia
867 1357 1005 1453 pressit
1022 1381 1128 1431 anus.
1257 1364 1306 1432 50

262 1471 362 1556 Quid
380 1473 515 1547 faciam
533 1472 688 1546 infelix?
715 1471 876 1567 gemitus
893 1471 999 1544 dolor
1016 1473 1128 1545 edere
1146 1474 1268 1570 cogit3

314 1588 393 1662 Sed
410 1589 532 1673 timor,
552 1598 592 1662 et
608 1585 746 1671 nutris,
766 1598 805 1659 et
821 1586 942 1682 pudor
959 1586 1053 1684 ipse,
1072 1599 1212 1662 vetant.

263 1702 450 1778 Contineo
468 1704 642 1800 gemitus
661 1703 868 1800 elapsaque
883 1701 999 1773 verba
1015 1705 1219 1798 reprendo:

273 1879 276 1884 ,
313 1818 365 1892 Et
382 1843 496 1916 cogor
512 1820 684 1894 lacrimas
701 1817 919 1892 combibere
940 1816 1025 1915 ipsa
1040 1841 1157 1891 meas.
1258 1825 1305 1894 54
1385 1903 1391 1916 ,

262 1931 369 2007 Mors
387 1945 468 2008 erat
484 1944 572 2008 ante
588 1934 739 2022 oculos3
770 1944 808 2008 et
831 1956 944 2031 opem
963 1930 1106 2006 Lucina
1123 1935 1305 2030 negabat:

314 2045 365 2122 Et
380 2073 503 2145 grave,
523 2050 555 2122 si
572 2072 747 2134 morerer,
764 2070 865 2119 mors
883 2070 1038 2143 quoque
1055 2048 1196 2122 crimen
1214 2061 1306 2126 erat.

263 2161 362 2236 Cum
381 2165 730 2262 superincumbens,
750 2163 871 2236 scissa
887 2162 1092 2260 tunicaque
1109 2188 1306 2265 comaque,

311 2277 451 2354 Pressa
467 2278 631 2355 refovisti
648 2290 804 2378 pectora
817 2289 945 2351 nostra
961 2279 1049 2351 tuis.

264 2388 313 2464 Et
329 2393 433 2481 mihi,
452 2393 546 2469 Vive
565 2419 679 2482 soror,
699 2420 803 2470 soror
819 2396 843 2468 ὁ
860 2395 1065 2481 carissima,
1085 2395 1193 2483 dixti,

310 2506 425 2584 Vive:
454 2535 524 2585 nec
541 2511 651 2584 unius
669 2534 826 2608 corpore
844 2511 960 2608 perde
978 2511 1085 2583 duos.
1257 2517 1306 2586 60

264 2621 362 2721 Spes
379 2627 479 2701 bona
495 2629 560 2702 det
575 2629 694 2702 vires:
723 2625 827 2699 fratri
845 2650 932 2699 nam
950 2635 1068 2722 nupta
1083 2624 1208 2699 futura
1224 2650 1278 2701 es.

311 2739 430 2828 Illius,
450 2767 491 2816 es
509 2745 556 2818 de
574 2769 650 2842 quo
668 2755 799 2827 mater,
818 2751 858 2816 et
874 2765 969 2814 uxor
985 2740 1071 2815 eris.

263 2852 417 2931 Mortua
434 2859 562 2952 (crede
580 2859 688 2952 mihi)
706 2868 832 2931 tamen
850 2856 897 2930 ad
916 2867 983 2929 tua
997 2854 1113 2927 verba
1129 2855 1267 2944 revixi;

315 2970 366 3045 Et
382 2974 546 3070 positum
564 2985 624 3048 est
640 2973 734 3047 uteri
752 2972 893 3046 crimen
911 2994 1082 3068 onusque
1100 2970 1187 3043 mei.

263 3086 364 3171 Quid
382 3089 450 3161 tibi
467 3088 652 3186 grataris?
678 3088 802 3161 media
819 3088 927 3160 sedet
944 3086 1074 3159 AEolus
1092 3087 1197 3161 aula:
1257 3091 1305 3162 65

312 3202 481 3291 Crimina
498 3215 585 3278 sunt
602 3203 720 3278 oculis
739 3201 983 3300 subripienda
999 3202 1129 3299 patris.

263 3318 448 3417 Frugibus
466 3321 658 3407 infantem,
678 3320 870 3417 ramisque
885 3318 1045 3391 albentis
1063 3317 1181 3405 olivae,

312 3434 364 3509 Et
379 3436 525 3511 levibus
542 3437 645 3511 vittis
663 3436 796 3511 sedula
812 3435 912 3508 celat
928 3457 1043 3508 anus:

293 3753 336 3802 63.
356 3752 490 3816 Qunam]
510 3752 620 3801 Οοηιίπω
635 3761 684 3801 tres
694 3752 758 3802 libri.
808 3761 854 3802 cet.
871 3752 966 3801 Phaedr.
978 3752 995 3799 i.
1009 3751 1047 3798 la.

260 3825 393 3877 Heinsius.
427 3826 573 3891 Recepimus
586 3826 758 3892 hanescriptu·
841 3827 906 3874 Onus
916 3835 1005 3873 nature
1016 3822 1288 3882 meiimqaodepousret.

259 3917 319 3960 nm,
330 3918 402 3969 qnam
420 3910 446 3950 et
458 3901 536 3950 Aldus
554 3900 684 3967 expressit:
702 3916 758 3950 nam
808 3900 857 3948 Ubi
867 3899 921 3948 vide
932 3914 986 3963 quse
997 3893 1141 3944 notavimus.
1158 3890 1227 3941 etita
1240 3891 1307 3940 Gre-

260 3976 325 4026 idem
341 3984 377 4026 cst
387 3976 452 4041 qnod
461 3979 566 4038 νηπίω,
577 3975 641 4025 exire
658 3991 705 4024 non
715 3991 758 4040 ps·
807 3989 847 4022 cos
864 3972 900 4022 nti
918 3973 990 4020 verbo
1006 3968 1143 4031 ἀποτίθημι
1159 3963 1241 4014 docuit
1255 3965 1307 4012 Ste-

260 4050 315 4101 tior.
349 4050 469 4114 &mendo
486 4066 541 4100 vero
560 4050 667 4115 elegans,
688 4048 758 4114 qnasi
807 4046 902 4112 pharius
917 4044 948 4093 sd
959 4042 1057 4092 Callim.
1069 4041 1144 4103 Hym.
1163 4038 1255 4087 iuJov.
1270 4039 1308 4086 15.

261 4125 396 4189 poeniteret,
407 4135 432 4175 et
445 4126 497 4190 jam
511 4124 577 4174 dicte
592 4124 710 4173 retrabere
727 4138 757 4171 cs
807 4129 832 4170 et
842 4119 917 4168 Dian.
928 4119 971 4166 25.
1004 4117 1096 4164 Bonis.

254 4198 411 4263 inmensi.
443 4200 532 4248 Bonis.
840 4193 882 4241 67.
901 4191 1030 4238 frondibus
1046 4186 1182 4252 infantem]
1202 4184 1306 4250 Scaliger

292 4275 334 4322 55.
353 4274 555 4339 Morsmtgrove
565 4269 674 4333 crima]
694 4266 760 4326 Quis
807 4264 921 4314 ecodicc
939 4277 981 4312 sno
1000 4268 1167 4311 manaverat:
1191 4259 1309 4324 Frugibus

263 4362 310 4397 non
324 4347 452 4414 potuissem
466 4346 524 4395 mori
541 4345 592 4394 sine
610 4343 716 4397 infmia,
733 4340 758 4387 in
808 4338 1052 4405 insanissimamque
1068 4336 1164 4382 albius
1179 4336 1249 4391 olim,
1260 4335 1306 4384 ἃς.

263 4420 438 4486 talicunque
452 4417 665 4483 suissetcoguitnm
681 4413 759 4463 scelus
808 4413 1022 4462 Daulirmsrus.
1051 4408 1165 4474 Frugibus
1173 4408 1308 4458 Puteaneus

262 4510 351 4545 meum.
808 4485 906 4552 optime.
922 4481 1307 4548 Molamsalsamiutellige,quam

295 4569 338 4617 64.
356 4568 386 4617 Et
400 4571 498 4632 positum
517 4565 573 4629 ein]
599 4561 759 4618 Bnilioiensis,
808 4575 876 4609 sacra
891 4557 1306 4624 sactnminpromptuesseopcrtc·

261 4646 426 4708 deponensque
442 4644 514 4692 auri.
531 4639 595 4706 qnod
613 4655 661 4689 non
677 4635 759 4703 displi-
808 4635 859 4684 bat.
