3600 5925
478 739 543 808 482
768 740 808 804 Ρ.
833 738 995 807 0v1D11
1019 739 1230 808 NASONIS

479 913 566 988 Vim
583 936 697 1012 passa
712 925 771 988 est
788 912 951 1002 Phoebe3
980 914 1034 988 vis
1051 926 1110 990 est
1126 915 1251 992 adlata
1267 919 1400 994 sorori:

531 1027 582 1102 Et
599 1040 725 1126 gratus
743 1041 860 1129 raptae
877 1041 1002 1130 raptor
1019 1041 1176 1130 uterque
1192 1033 1274 1138 fuit.
1441 1041 1518 1111 '680

482 1144 627 1220 Fabula
642 1155 730 1221 nota
746 1147 911 1246 quidem,
930 1148 998 1222 sed
1015 1172 1090 1222 non
1106 1149 1260 1247 indigna
1276 1151 1414 1240 referri,

533 1261 685 1361 Scyrias
702 1261 899 1339 flamonio
911 1265 1044 1360 juncta
1060 1265 1187 1363 puella
1200 1266 1291 1340 viro.
1373 1307 1376 1312 ·

482 1376 505 1449 J
508 1402 567 1456 am
587 1379 670 1454 Dea
686 1380 847 1455 laudatae
864 1381 1020 1456 dederat
1036 1404 1105 1455 sua
1121 1383 1273 1480 praemia
1289 1382 1428 1470 formas,

534 1493 641 1571 Colis
658 1497 729 1570 sub
748 1495 850 1571 Idaeo
866 1496 1015 1571 vincere
1032 1497 1146 1594 digna
1161 1498 1269 1573 duas.

481 1609 505 1683 J
508 1635 568 1685 am
585 1637 700 1687 nurus
716 1614 766 1689 ad
778 1613 969 1688 Priamum
986 1614 1132 1688 diverso
1148 1625 1302 1690 venerat
1316 1618 1424 1705 orbe3
1444 1622 1518 1692 685

533 1729 724 1828 Grajaque
741 1730 780 1804 in
798 1730 923 1806 Iliacis
939 1731 1124 1807 moenibus
1141 1754 1237 1806 uxor
1252 1743 1344 1807 erat.

481 1843 666 1922 durabant
682 1869 813 1922 omnes
830 1848 869 1921 in
884 1846 964 1922 laesi
978 1847 1091 1922 verba
1107 1846 1250 1921 mariti:

534 1961 633 2036 Nam
650 1963 757 2037 dolor
772 1964 895 2050 unius,
914 1964 1065 2063 publica
1081 1986 1216 2038 caussa
1231 1961 1313 2037 fuit.

483 2075 621 2178 Turpe,
634 2079 707 2154 nisi
718 2080 791 2154 hoc
804 2082 933 2156 matris
950 2081 1122 2179 precibus
1135 2079 1339 2166 tribuisset,
1352 2079 1516 2155 Achilles

532 2193 649 2270 Veste
664 2196 784 2271 virum
800 2198 914 2294 longa
931 2198 1186 2272 dissimulatus
1202 2207 1295 2271 erat.
1444 2201 1517 2271 690

484 2308 587 2394 Quid
602 2311 707 2398 sacis,
725 2312 903 2388 AEacidai
929 2337 1003 2387 uon
1020 2322 1108 2387 sunt
1123 2323 1191 2386 tua
1206 2336 1359 2387 munera
1374 2314 1481 2387 lanae.

531 2425 591 2500 Tu
607 2428 736 2500 titulos
752 2428 825 2501 alia
839 2427 1005 2501 Palladis
1022 2437 1102 2502 arte
1118 2437 1241 2526 petas.

483 2540 584 2626 Quid
601 2543 671 2619 tibi
683 2566 770 2618 eum
783 2545 964 2620 calathis?
990 2545 1126 2645 clypeo
1140 2568 1273 2619 manus
1290 2529 1381 2643 apta
1391 2555 1517 2619 tenen·

631 2661 682 2735 do
698 2671 770 2736 est.

534 2774 661 2852 Pensa
672 2779 765 2877 quid
781 2779 820 2851 in
833 2779 983 2865 dextra,
998 2780 1075 2877 qui
1090 2779 1201 2852 cadet
1213 2776 1368 2864 Hector,
1382 2778 1519 2851 habes?

485 2891 619 2991 Rejiee
635 2895 848 2971 succinctos
864 2917 1023 2994 operoso
1039 2893 1199 2969 stamine
1213 2892 1330 2968 fusos
1446 2896 1519 2969 695

534 3009 760 3097 Quassanda
774 3024 834 3087 est
849 3012 923 3087 ista
942 3012 1067 3087 Pelias
1083 3011 1193 3086 hasta
1209 3033 1335 3085 manu.

485 3125 1371 3224 Porteeratinthalamovirgoregaliseodem:

534 3239 628 3317 Hac
646 3243 752 3318 illum
767 3254 900 3343 stupro
915 3244 1098 3342 comperit
1114 3266 1199 3318 esse
1215 3242 1347 3317 virum.

483 3353 636 3431 Viribus
653 3358 718 3433 illa
733 3361 887 3459 quidem
903 3362 1002 3434 victa
1018 3371 1089 3447 est,
1107 3361 1160 3434 ita
1176 3360 1328 3434 credere
1345 3369 1508 3458 oportet:

534 3470 1014 3550 Sedsuluitviueiviribus
1030 3476 1094 3549 illa
1109 3486 1248 3549 tamen.
1448 3480 1521 3548 700

486 3586 612 3689 Smpe,
630 3588 759 3677 Mane,
776 3591 885 3675 dixit,
903 3615 992 3665 cum
1003 3593 1085 3689 jam
1102 3601 1319 3690 properaret
1336 3589 1517 3664 Achilles:

536 3704 664 3781 Fortia
679 3731 767 3781 nam
783 3706 905 3807 posita
922 3718 1109 3781 sumserat
1124 3728 1226 3781 arma
1241 3707 1338 3781 colo.

485 3819 554 3895 vis
570 3822 636 3896 ubi
653 3848 753 3898 nuuc
769 3824 833 3897 illa
848 3825 929 3899 est!
954 3824 1048 3924 quid
1064 3824 1200 3899 blanda
1214 3848 1306 3898 voce
1324 3823 1477 3897 moraris

535 3937 741 4015 Auctorem
757 3940 889 4039 stupri,
910 3938 1118 4025 Deidamia,
1136 3940 1213 4013 tui?
1303 4006 1313 4021 ,

515 4237 573 4285 aa
601 4236 778 4299 mma
794 4236 903 4301 J...]
929 4237 977 4285 a..
1027 4234 1522 4304 mmmmm-suu

483 4310 565 4361 m-
597 4310 731 4362 mm
760 4310 977 4361 suma·
1027 4308 1399 4376 ammae-aa
1431 4311 1522 4361 sm.

482 4382 979 4453 amau-mim„
1060 4384 1522 4449 eamus-mum

483 4459 979 4528 muamus-m*
1028 4458 1524 4527 pamma-puina·

483 4530 520 4578 u.
543 4533 920 4599 ωιτη-ὼ...
945 4536 979 4585 a·
1028 4534 1357 4600 nan-m
1389 4533 1479 4583 m
