3600 5925
451 756 519 823 266
742 751 782 817 Ρ.
805 749 974 818 OVIDII.
992 746 1204 816 NASONIS

455 929 585 1025 Atque
597 926 650 1001 ita
659 923 822 1023 quisque
837 947 925 998 suas
942 924 1078 997 iterum
1091 922 1289 995 redeamus
1306 922 1354 996 ad
1370 925 1498 1000 urbes.

506 1041 709 1138 Exiguum,
728 1039 795 1113 sed
812 1038 911 1137 pius,
930 1061 1044 1136 quam
1061 1035 1166 1123 nihil,
1185 1036 1278 1110 illud
1295 1039 1377 1111 erit.
1425 1045 1499 1113 170

455 1154 527 1231 Vel
545 1156 665 1255 pudor
682 1154 742 1229 hic
758 1153 913 1240 utinam,
932 1153 999 1250 qui
1016 1175 1085 1225 nos
1103 1150 1201 1224 clam
1219 1152 1321 1248 cogit
1337 1176 1474 1241 amare,

505 1270 577 1346 Vel
594 1270 747 1345 timidus
764 1267 873 1343 famae
891 1267 1027 1342 cedere
1043 1266 1158 1340 vellet
1174 1267 1312 1339 amori

457 1387 569 1462 Nunc
579 1387 678 1461 male
692 1409 751 1459 res
760 1386 915 1482 junctae,
926 1383 1028 1456 calor
1038 1392 1078 1455 et
1087 1381 1304 1469 reverentia,
1315 1395 1486 1481 pugnant

506 1502 607 1588 Quid
625 1525 763 1600 sequar
775 1501 813 1573 in
826 1499 941 1574 dubio
956 1508 1026 1594 est.
1054 1496 1136 1570 haec
1149 1496 1281 1585 decet3
1302 1497 1365 1572 ille
1379 1500 1497 1595 juvat.

457 1617 513 1691 Ut
529 1618 644 1692 semel
662 1615 811 1690 intravit
829 1614 994 1687 Colchos
1012 1610 1217 1708 Pagasaeus
1236 1610 1369 1700 liison3
1428 1618 1498 1687 175

484 1799 486 1804 .
506 1731 728 1831 impositam
745 1729 857 1803 celeri
876 1726 1044 1801 Phasida
1060 1749 1189 1825 puppe
1206 1726 1304 1800 tulit.

458 1847 512 1922 Ut
529 1847 645 1921 semel
663 1845 789 1920 ldaeus
809 1844 1081 1918 Lacedaemon'a
1096 1845 1200 1917 venit
1215 1845 1381 1935 adulter3

506 1962 605 2036 Cum
622 1960 750 2060 praedd
767 1959 877 2033 rediit
894 1959 1064 2056 protinus
1081 1957 1145 2032 ille
1162 1960 1245 2032 sud.
1301 1961 1304 1968 ’

455 2075 526 2163 Tu,
546 2099 659 2175 quam
677 2098 779 2173 saepe
797 2074 896 2172 petis
914 2071 1015 2170 quod
1033 2096 1150 2160 amas,
1168 2084 1247 2148 tam
1269 2098 1371 2174 saepe
1388 2076 1498 2150 relin-

507 2192 558 2266 Et
575 2191 722 2289 quoties
741 2213 852 2286 grave
870 2189 913 2262 fit
930 2187 1122 2288 puppibus
1139 2188 1206 2276 ire,
1225 2199 1343 2264 natas.
1372 2192 1497 2289 [quist

457 2306 522 2381 Sic
539 2316 678 2391 tamen,
700 2306 724 2377 ὁ
736 2304 898 2402 juvenis
909 2304 1145 2378 ‚tumidarum
1161 2305 1280 2378 victor
1302 2329 1497 2404 aquarum,

507 2422 571 2495 Sic
588 2422 702 2495 facito
719 2443 886 2519 spernas,
907 2430 949 2493 ut
964 2444 1128 2507 vereare,
1147 2420 1295 2495 fretum.
1429 2427 1499 2497 182

456 2537 547 2612 Arte
564 2538 741 2612 laboratae
758 2537 957 2611 vincuntur
974 2537 1022 2611 ab
1040 2560 1190 2636 aequore
1207 2559 1376 2635 puppes:

505 2652 564 2728 Tu
581 2665 646 2728 tua
663 2653 748 2752 plus
766 2654 878 2727 remis
896 2654 1052 2728 brachia
1068 2675 1180 2753 posse
1197 2651 1334 2750 putes?

457 2770 568 2857 Quod
586 2771 706 2870 cupiS,
725 2770 797 2844 hoo
814 2781 939 2844 nautae
957 2779 1140 2860 metuunt,
1157 2766 1339 2855 Leandro,
1357 2777 1499 2843 natare.

508 2884 643 2961 Exitus
660 2886 721 2959 hic
739 2884 867 2960 fractis
885 2886 1077 2986 puppibus
1094 2908 1179 2959 esse
1197 2884 1305 2957 solet.
1430 2887 1499 2957 186

457 3001 524 3077 Me
538 3001 731 3076 miseram!
750 3001 862 3101 cupio
879 3027 955 3076 non
972 3001 1220 3101 persuadere3
1240 3000 1341 3098 quod
1354 2999 1497 3073 hortor:

508 3118 659 3217 Sisque,
678 3143 823 3218 precor,
842 3119 993 3193 monitis
1010 3117 1138 3193 fortior
1155 3117 1237 3215 ipse
1254 3114 1361 3189 meis.

491 3372 547 3421 169.
564 3373 638 3436 Atque
653 3374 687 3421 itu
697 3376 788 3437 quisquc
803 3390 855 3421 suus
871 3376 956 3422 iterato
1005 3371 1193 3421 firmareausim:
1209 3376 1236 3418 ut
1243 3377 1268 3419 et
1270 3368 1432 3434 franguntur,
1439 3369 1503 3434 quod

455 3447 572 3493 redeam
588 3448 620 3493 od
639 3446 726 3509 orosa]
754 3446 893 3495 Notandum
916 3445 955 3495 irio
1004 3446 1030 3494 iu
1044 3445 1192 3495 Meuteliaao
1206 3451 1268 3493 erat:
1285 3441 1419 3507 elegantior
1427 3442 1500 3501 euim,

456 3519 554 3568 verbum
564 3517 877 3582 quodquadeduobusdici.
895 3519 954 3568 Cro·
1004 3527 1030 3567 et
1050 3534 1065 3567 a
1085 3517 1151 3582 vulgi
1171 3531 1216 3566 usu
1236 3516 1348 3566 remotius
1366 3518 1502 3566 virimar.

457 3608 547 3641 riuus.
580 3591 619 3640 Ita
627 3600 653 3640 et
662 3593 761 3641 Suetou.
772 3592 887 3658 suaso.
922 3592 954 3641 Ut
1005 3590 1090 3656 vigil.
1099 3590 1135 3639 ir.
1145 3592 1186 3640 91.

458 3663 540 3727 cujum
556 3673 579 3713 et
598 3663 778 3729 luciamfilior,
794 3682 834 3714 ruo
849 3680 956 3728 quosque
1038 3664 1270 3727 Namusam
1285 3664 1503 3720 κώμων

459 3736 830 3802 Tyroeioiodsdueerstinforam.
839 3735 956 3795 Quinctil.
1069 3740 1132 3786 usati

456 3809 692 3860 iiilmtiaorsas.
725 3810 956 3873 Salinhocproprio
1041 3811 1320 3861 vinemarus—-
1384 3809 1472 3860 Bou.

457 3882 956 3947 prsmommqwronsnrmwuan.
1005 3883 1505 3949 Adluderehicpoetamadtutdamuaris,

493 3956 548 4005 17⁵.
582 3955 695 4020 Pegaseas
717 3953 806 4017 Idm]
841 3955 957 4020 Pagoreor
1006 3958 1056 4007 sive
1066 3958 1155 4007 affabre
1165 3958 1291 4006 laboramus
1306 3956 1410 4006 numnis
1420 3956 1505 4023 imagi·

342 4088 347 4101 .
458 4029 603 4092 Puteaueus.
620 4025 683 4091 quod
700 4035 737 4075 eat
751 4026 957 4091 PugoroorGraeoa
1006 4047 1060 4081 uam
1081 4031 1107 4080 in
1126 4030 1209 4097 puppi,
1229 4029 1308 4079 minus
1330 4038 1395 4079 recte
1414 4031 1508 4081 senuit

457 4102 629 4152 enuntiatione.
638 4109 665 4151 ut
675 4118 739 4168 raepe
745 4101 814 4152 alibi.
824 4103 957 4154 Humerus.
1006 4106 1166 4155 Burmannus.
1182 4105 1296 4154 Lusus.

459 4174 775 4242 Vid.adEpist.xvi.³45.
1041 4180 1096 4228 186.
1120 4178 1258 4242 Puppibra]
1285 4177 1388 4226 Naribus
1404 4177 1508 4242 Regius.

493 4251 549 4299 183.
573 4252 632 4299 Aru
652 4252 757 4300 tuburum
781 4253 908 4300 aimator
929 4253 958 4299 ub
1007 4251 1071 4317 quod
1091 4251 1179 4317 plaoet,
1199 4250 1258 4315 quia
1274 4268 1360 4314 puppes
1381 4250 1508 4316 presedit.

457 4339 544 4384 equore
568 4324 673 4387 pappa]
708 4324 795 4375 Melior
821 4324 904 4374 lectio:
932 4323 957 4373 iu
1007 4326 1091 4376 Doura
1104 4325 1144 4375 hic
1159 4335 1241 4374 nutare
1255 4341 1298 4391 pro
1316 4324 1425 4390 navigare
1441 4326 1510 4390 pusi·

459 4393 522 4450 aliis,
548 4406 600 4443 uris
630 4399 736 4447 laborate
765 4409 904 4463 tanguntur
929 4401 958 4448 ot
1006 4408 1058 4450 tum
1068 4398 1163 4464 recipit.
1179 4396 1511 4463 preparationem,

460 4481 546 4527 opum
558 4483 651 4530 puppa.
668 4469 741 4519 Cror.
774 4471 822 4520 Sed
836 4487 881 4535 ego
897 4472 958 4522 illud
1008 4473 1124 4523 hocloco
1141 4473 1202 4522 solet
1223 4471 1301 4522 venire
1320 4472 1408 4529 exitus,
1424 4470 1449 4520 id
1471 4484 1513 4523 et

461 4548 606 4602 'mmmm
623 4542 725 4606 glossam
740 4560 791 4594 esse
809 4544 897 4595 iibrarii
916 4544 958 4594 ad·
1007 4546 1136 4598 submerrio
1146 4553 1170 4596 et
1180 4544 1280 4611 perditio
1290 4544 1387 4609 navigii.
1414 4545 1511 4595 Varum
