3600 5925
459 757 525 822 428
750 759 790 824 P.
814 756 975 823 OVIDII
1001 756 1208 825 NASONIS

458 930 574 1020 Tene,
593 955 700 1008 sacer
716 932 845 1018 Vates,
864 932 1023 1005 tlammae
1040 956 1195 1030 rapuere
1210 934 1375 1031 rogales;

511 1049 734 1124 Pectoribus
752 1048 855 1146 pasci
873 1072 943 1122 nec
962 1048 1118 1122 timuere
1135 1049 1237 1122 tuis?

459 1166 584 1240 Aurea
600 1175 812 1238 sanctorum
829 1163 1040 1262 potuissent
1055 1165 1197 1262 templa
1213 1164 1376 1240 Deorum

512 1281 642 1367 Urere,
661 1304 746 1377 quae
764 1290 910 1353 tantum
928 1280 1136 1354 sustinuere
1154 1280 1270 1355 nefas.

459 1397 604 1473 Avertit
618 1397 755 1481 vultus,
776 1394 909 1493 Erycis
922 1418 1007 1494 quae
1025 1396 1194 1493 possidet
1210 1420 1326 1471 arces.
1444 1402 1493 1471 45

510 1513 608 1586 Sunt
623 1535 788 1608 quoque,
807 1511 871 1607 qui
889 1510 1061 1584 lacrimas
1078 1511 1305 1586 continuisse
1323 1523 1471 1609 negent.

460 1631 537 1705 Sed
554 1629 769 1703 tamen-hoc
786 1627 932 1713 melius,
952 1650 1065 1724 quam
1082 1627 1114 1699 si
1132 1626 1307 1701 Phaeacia
1323 1628 1433 1701 tellus

509 1745 685 1841 Ignotum
701 1742 763 1815 vili
780 1741 1038 1841 supposuisset
1054 1742 1179 1817 humo.

459 1861 558 1935 Hinc
575 1871 677 1935 certe
693 1858 863 1932 madidos
880 1857 1056 1955 fugientis
1074 1858 1210 1956 pressit
1226 1858 1363 1932 ocellos

508 1976 650 2066 Mater3
678 1987 718 2050 et
730 1976 768 2049 iu
785 1976 929 2050 cineres
946 1975 1077 2049 ultima
1092 1975 1191 2048 dona
1207 1974 1307 2048 tulit:
1442 1977 1490 2045 50

459 2093 558 2168 Hinc
576 2116 678 2167 soror
694 2092 733 2164 in
750 2102 894 2190 partem
909 2091 1043 2163 miseri
1059 2114 1146 2164 cum
1163 2101 1280 2163 matre
1296 2089 1433 2163 doloris
1473 2081 1475 2090 ’

506 2208 631 2294 Venit,
650 2208 837 2281 inornatas
854 2206 1031 2280 dilaniata
1048 2228 1186 2278 comas.

458 2326 632 2421 Cumque
648 2321 722 2394 tuis
739 2345 808 2394 sua
819 2324 1027 2418 junxerunt
1046 2320 1294 2416 Nemesisque
1319 2319 1491 2417 priorque

507 2421 665 2512 Oscula:
694 2459 762 2509 nec
780 2437 881 2510 solos
898 2436 1100 2512 destituere
1117 2460 1238 2533 mgos.

458 2556 568 2630 Delia
583 2553 794 2640 discedens,
815 2552 989 2639 Felicius,
1009 2554 1142 2651 inquit,
1162 2562 1285 2625 amata
1441 2555 1488 2624 55

508 2670 601 2743 Sum
618 2668 704 2743 tibi:
732 2668 870 2754 vixisti,
889 2669 979 2742 dum
996 2679 1083 2742 tuus
1100 2668 1196 2764 ignis
1214 2691 1327 2741 eram.

458 2785 530 2859 Cui
549 2783 736 2870 Nemesis,
748 2782 848 2869 Quid
862 2782 940 2858 ais?
957 2783 1025 2857 tibi
1036 2784 1109 2856 sint
1119 2806 1204 2857 mea
1212 2783 1350 2857 damna
1358 2782 1486 2866 dolori,

506 2899 572 2976 Me
589 2898 708 2975 tenuit
724 2898 885 2974 moriens
903 2898 1099 2974 deficiente
1117 2922 1241 2974 manu.

488 3152 527 3199 46.
538 3151 628 3198 Avertit
638 3148 735 3211 culm]
756 3147 949 3214 Superstitionem
997 3156 1154 3211 erstemqsoe
1163 3148 1285 3196 tuisocsfir
1292 3144 1489 3209 Nemesisjensm

455 3223 521 3271 illam
538 3239 584 3272 non
600 3220 740 3289 respiciendi
758 3222 949 3272 adsumtum·
995 3222 1193 3286 pmommoseola.
1226 3221 1315 3269 Bonis.

453 3296 505 3346 bris
513 3295 607 3361 egregie
617 3295 719 3345 illustret
728 3297 793 3345 Dan.
800 3297 949 3347 Heinsinsad
1029 3297 1069 3346 57.
1089 3295 1139 3343 Titi
1155 3302 1211 3343 sant
1227 3294 1297 3357 κιαι]
1325 3293 1377 3343 δίκε
1395 3295 1489 3345 Mureti.

455 3369 610 3418 sit.iii.180.
997 3369 1128 3418 Humerus.
1147 3367 1488 3433 Fgoinrulgsterinensum

487 3445 528 3493 47.
540 3443 615 3498 Quum
627 3446 647 3492 ιι·
659 3443 763 3493 Planasia
779 3443 866 3508 tellus]
890 3443 948 3494 Cor·
996 3441 1074 3498 video,
1086 3442 1186 3506 ideoque
1196 3442 1258 3490 mulo
1266 3457 1321 3490 cunr
1330 3440 1399 3491 Junii
1408 3452 1432 3491 et
1441 3444 1486 3492 Ps-

454 3533 510 3583 eyrs
520 3516 606 3574 insula,
619 3532 634 3565 s
649 3516 790 3566 Phasellus
805 3516 898 3582 populis
913 3517 948 3567 sic
997 3515 1070 3564 latino
1079 3515 1158 3564 tertio:

454 3592 527 3648 dicta,
537 3606 584 3656 quo
593 3589 723 3639 Messalam
737 3589 847 3638 Tibullus
861 3605 948 3655 seqnu·
1030 3590 1076 3637 Cui
1086 3589 1193 3646 Nerusii,
1203 3592 1258 3652 quid
1267 3591 1320 3639 ais?
1337 3592 1378 3637 siti
1387 3594 1487 3641 sistus

455 3674 494 3714 tus
510 3665 599 3724 luerat3
620 3663 701 3728 ibique
720 3665 800 3713 morbo
819 3672 948 3728 correptus,
1060 3665 1233 3712 dmnadolori.

455 3737 591 3788 redeuntem
612 3737 712 3786 Romam
732 3746 855 3802 patronum
873 3752 947 3801 quum
998 3736 1032 3786 Ut
1041 3736 1072 3786 sit
1079 3738 1152 3786 orstio
1160 3736 1319 3786 vehementior
1328 3745 1354 3786 et
1363 3738 1486 3804 objurgan-

453 3828 503 3863 non
512 3819 591 3878 posset
599 3810 713 3868 comitari,
723 3810 830 3876 Elegisrn
845 3810 876 3858 sd
892 3826 947 3860 eum
996 3809 1034 3859 tis.
1045 3810 1151 3874 quidne
1162 3810 1232 3859 Delia
1244 3807 1322 3873 ungis
1337 3817 1362 3858 et
1378 3812 1487 3876 perstrin-

454 3885 547 3953 scripsit
556 3884 725 3943 suavissimam,
737 3901 790 3951 que
807 3883 876 3934 tertia
892 3884 946 3933 libri
995 3883 1040 3947 gis,
1054 3882 1122 3947 qussi
1138 3899 1185 3933 non
1201 3883 1282 3932 luisset
1299 3881 1357 3930 lelix
1375 3883 1432 3933 dnm
1450 3901 1487 3934 sne

452 3958 532 4025 primi.
564 3958 654 4007 Arsen.
995 3966 1093 4013 amaret,
1108 3964 1131 4005 te
1149 3955 1292 4022 posthnbita.
1310 3956 1357 4004 imo
1374 3966 1400 4005 nt
1415 3958 1487 4009 εὕω

485 4036 526 4083 53.
544 4032 644 4096 Cumque
660 4031 729 4095 πίω]
757 4030 850 4081 Murius
866 4031 946 4081 subin·
995 4032 1054 4081 meis
1063 4032 1156 4081 damnis
1164 4031 1254 4088 dolens,
1265 4031 1326 4079 scias
1337 4031 1402 4080 illurn
1417 4031 1486 4082 aliter

452 4104 528 4171 telligi
542 4107 622 4155 osculis
632 4104 693 4154 vult.
708 4104 751 4154 sed
766 4104 879 4154 Barthius
894 4121 946 4155 rec·
994 4105 1108 4154 sensisse:
1125 4120 1181 4153 nem
1197 4104 1297 4153 moriens
1313 4102 1387 4153 tenmt
1405 4104 1484 4155 sdhuc

451 4179 499 4229 tius
509 4180 614 4243 emostis
630 4188 654 4229 et
670 4178 770 4244 agnatis,
780 4194 810 4228 ne
825 4178 946 4228 'libullum
994 4194 1032 4227 me
1042 4194 1113 4228 roano
1123 4177 1254 4234 deficiente,
1271 4176 1332 4242 quod
1348 4176 1390 4226 tibi
1407 4177 1487 4233 ddeu

451 4252 523 4300 etism
533 4251 677 4301 osculantem
686 4259 740 4318 post
752 4259 849 4300 monem
866 4251 945 4303 locist
993 4260 1019 4301 et
1035 4253 1091 4301 licet
1105 4252 1163 4301 milri
1181 4268 1241 4301 mors
1257 4252 1298 4300 ills
1307 4250 1486 4303 damnosissima

451 4324 529 4374 Cicer.
539 4324 571 4373 iv.
581 4323 613 4373 sd
623 4326 691 4374 Fam.
702 4326 726 4373 7.
758 4326 838 4373 Arois
853 4326 945 4388 reliquis
994 4326 1141 4387 exstititerit5
1158 4335 1246 4375 nonest
1254 4326 1401 4391 tsmmquod
1409 4335 1434 4383 tu
1445 4344 1483 4381 ex-

451 4413 497 4444 sors
506 4399 645 4456 adhibemur,
656 4408 681 4447 et
691 4399 777 4447 Noster
790 4398 865 4464 Epist.
875 4397 893 4447 i.
905 4400 945 4448 41.
993 4399 1075 4457 eolles,
1086 4411 1110 4449 et
1120 4410 1188 4466 potes
1201 4399 1268 4448 illum
1284 4408 1307 4448 te
1322 4399 1381 4449 mihi
1397 4412 1483 4466 pretu-

453 4468 557 4516 Nimiam
566 4472 632 4520 solite
643 4483 741 4521 imon.
748 4471 782 4521 ita
789 4472 944 4535 pessimnrrei,
992 4472 1055 4528 lisso,
1067 4483 1108 4522 aut
1116 4489 1154 4523 me
1162 4489 1207 4522 non
1217 4487 1308 4522 amnne
1316 4473 1349 4528 sd
1356 4482 1497 4529 extremum

451 4543 547 4598 mirri,
564 4543 683 4595 dicuntur.
701 4545 743 4595 sed
759 4545 783 4595 in
798 4544 944 4595 Scriverinno
993 4547 1047 4596 vite
1058 4545 1165 4599 halitum.
1191 4547 1280 4601 Bonis.
