3600 5925
603 756 864 822 HEROIDES.
889 758 959 823 ΕΡ.
986 759 1089 823 XVI.

1305 762 1370 826 209

326 927 470 1026 Magna
486 929 640 1026 quidem
658 930 705 1002 de
723 938 762 1002 te
780 952 906 1004 rumor
921 932 1109 1029 praeconia
1125 932 1224 1017 fecit,

376 1045 567 1143 Nullaque
586 1045 634 1118 de
650 1044 746 1117 facie
764 1046 893 1118 nescia
909 1055 1007 1120 terra
1025 1057 1176 1132 tuaest,

1298 1053 1368 1120 140

328 1160 411 1234 Nec
430 1162 498 1234 tibi
516 1183 584 1257 par
602 1182 763 1256 usquam
782 1159 962 1258 Phrygia,
982 1185 1052 1234 uec
1072 1162 1171 1234 Solis
1189 1163 1237 1235 ab
1255 1173 1338 1235 ortu

294 1365 305 1378 ι
377 1275 481 1348 Inter
498 1275 678 1348 formosas
698 1276 815 1348 altera
831 1300 967 1350 nomen
985 1278 1112 1351 habet.

328 1389 462 1463 Credis
481 1400 520 1463 et
536 1391 608 1463 hoc
627 1390 762 1463 nobis?
788 1391 909 1463 minor
926 1402 985 1464 est
1001 1402 1066 1464 tua
1083 1392 1201 1487 gloria
1217 1414 1328 1465 vero:

378 1504 571 1601 Famaque
588 1505 637 1577 de
654 1502 774 1576 forma
790 1529 887 1601 pene
905 1505 1069 1600 maligna
1086 1517 1237 1579 tuaest.

327 1618 421 1692 Plus
439 1620 500 1692 hic
519 1620 678 1704 invenio,
698 1643 813 1715 quam
832 1620 935 1716 quod
954 1621 1165 1716 promiserit
1183 1621 1264 1694 illa:
1300 1625 1367 1691 145

380 1734 431 1807 Et
446 1745 512 1808 tua
529 1736 686 1808 materia
703 1735 821 1830 gloria
837 1735 938 1808 victa
954 1759 1023 1807 sua
1040 1745 1110 1807 est.

282 1851 285 1858 ’
329 1846 430 1944 Ergo
448 1849 539 1922 arsit
555 1849 697 1934 merito,
714 1849 781 1945 qui
800 1861 954 1923 noverat
971 1850 1106 1932 omnia,
1125 1848 1316 1923 Theseus:

380 1962 430 2036 Et
445 1964 526 2036 visa
542 1987 583 2036 es
600 1973 705 2036 tanto
722 1963 838 2057 digna
855 1963 985 2060 rapina
998 1963 1102 2036 ¹viro:

328 2076 437 2150 More
454 2088 528 2150 tuae
546 2078 668 2173 gentis
686 2076 805 2150 nitida
820 2076 912 2150 dum
930 2078 1032 2150 nuda
1048 2079 1223 2175 palaestra

377 2190 514 2280 Ludis3
544 2203 583 2264 et
600 2215 641 2264 es
660 2191 770 2264 nudis
788 2190 928 2264 femina
944 2191 1066 2264 mixta
1080 2192 1180 2263 viris.

325 2429 382 2462 casu
402 2423 485 2478 quarto
512 2416 647 2480 frequenter
673 2413 822 2479 conjunxisse

326 2485 378 2535 loco
388 2488 458 2537 sexti.
468 2489 579 2555 exemplu
586 2485 673 2555 passim
682 2497 737 2536 suut
744 2487 823 2537 obvia.

325 2559 457 2612 Harusros.
490 2562 607 2612 Defendit
616 2577 710 2627 quoque
721 2570 746 2608 et
755 2561 822 2610 illus·

326 2643 373 2682 trat
389 2635 449 2684 hanc
471 2635 614 2685 locutionem
630 2634 824 2699 diligentissimus

327 2706 473 2757 Passeratius
484 2709 515 2757 ed
526 2706 641 2773 Ptopertii
651 2708 694 2755 lib.
705 2706 741 2755 iii.
754 2707 822 2771 Eleg.

325 2778 361 2828 ix.
370 2781 395 2829 in
404 2781 459 2830 fine.
471 2792 495 2830 et
504 2791 579 2830 recte.
608 2782 700 2829 Futura
709 2782 772 2829 enim
781 2796 824 2846 pro

327 2865 426 2903 ventura
442 2856 516 2904 debet
533 2854 595 2920 capi,
613 2862 640 2904 ut
659 2855 684 2902 in
699 2854 742 2901 illa
758 2853 823 2902 locu·

326 2928 392 2978 tione
403 2929 467 2995 apud
477 2931 576 2978 Sueten.
588 2944 642 2994 cap.
653 2927 702 2976 rvi.
732 2925 744 2974 1
746 2945 760 2975 n
771 2944 823 2976 con·

324 3014 426 3067 spectum
434 3005 520 3069 fuisse,
541 3011 568 3053 ut
583 3011 647 3052 recte
668 3002 824 3051 casaubonus

326 3078 430 3127 restituit
444 3094 486 3144 pro
500 3080 592 3126 missa
611 3084 636 3125 et
645 3075 744 3124 Modius
759 3074 823 3140 apud

327 3151 396 3200 Curt.
413 3153 482 3202 rio.
504 3151 536 3200 Ut
548 3152 649 3214 primum
671 3166 707 3198 res
726 3152 752 3198 iu
768 3168 822 3199 cou-

326 3234 424 3286 spsctusu
432 3226 497 3291 fust.
514 3224 549 3274 sic
564 3223 629 3272 idern
648 3222 717 3272 Curt.
739 3223 775 3271 iii.
797 3226 823 3272 5.

328 3299 427 3348 Darium
433 3302 497 3348 lustra
504 3302 610 3363 putatum
617 3299 709 3345 dissuis
719 3296 824 3345 Ciliciam

318 3372 383 3438 sors.
398 3373 477 3423 Cicer.
496 3390 537 3421 xv.
554 3370 585 3420 ad
599 3369 653 3419 Au.
665 3372 689 3419 4.
715 3371 766 3425 Quo
785 3372 823 3419 dis

325 3449 353 3493 iss
371 3445 525 3495 Tusculanum
540 3462 602 3493 eram
609 3445 721 3508 jistusass.
738 3443 822 3492 indu·

327 3521 389 3567 bium
406 3534 460 3567 vero
476 3521 562 3572 venire,
574 3516 604 3565 de
617 3516 715 3581 judiciis
730 3516 822 3582 proprie

326 3590 424 3640 dicitur.
441 3591 476 3639 ita
490 3588 607 3648 Quinctil.
624 3590 695 3639 Decl.
711 3589 821 3639 cccxviii.

327 3665 366 3714 Na
372 3668 417 3727 jus
432 3666 623 3728 piamentum
632 3674 691 3721 ost,
700 3667 768 3712 stiam
778 3682 821 3712 un-

325 3749 415 3803 roquos
432 3743 530 3788 uenirem
540 3741 565 3787 iu
578 3740 682 3788 dubium.
700 3739 740 3787 ubi
757 3738 820 3787 vide.

326 3812 416 3862 Bonis.

361 3887 416 3935 141.
428 3887 477 3936 Nec
488 3889 529 3935 tilsi
536 3902 681 3949 peraequum
693 3883 820 3948 Phrygia]

326 3960 398 4025 lego,
419 3961 531 4027 Phrygio,
547 3961 592 4009 boc
611 3968 649 4009 est
664 3959 690 4007 in
709 3957 822 4023 Phrygis.

326 4033 389 4085 Ante
396 4034 659 4101 Phrygimnlegebatur.
670 4030 821 4096 Quodirnpe·

326 4107 433 4157 ritissime
444 4108 552 4158 defendit
563 4105 593 4155 ad
602 4104 686 4153 Silium
695 4104 820 4169 Dausque·

323 4182 372 4246 ins.
383 4199 408 4247 p·
419 4184 478 4231 2³1.
499 4182 598 4246 Usquam
605 4179 713 4244 Phrygia
724 4179 820 4243 Nauge-

326 4254 355 4303 rii
364 4256 498 4321 conjectura
507 4264 553 4305 est.
577 4252 625 4303 Sed
637 4253 675 4301 ris
685 4253 820 4318 pennedet,

325 4344 419 4392 usquam
430 4329 546 4395 Phrygis,
557 4336 584 4377 ut
601 4344 696 4391 usquam
713 4328 820 4385 locorum,

326 4401 408 4451 latine
419 4418 486 4469 posse
496 4402 554 4451 dici.
575 4403 635 4451 sorte
645 4400 717 4449 etiam
727 4400 820 4458 melius,

322 4479 396 4537 priseo
414 4494 456 4525 see
475 4479 526 4525 artis
544 4480 572 4526 alr
593 4488 654 4526 ortu.
687 4475 820 4525 Heinsius.

325 4550 437 4599 Francius
461 4551 606 4616 conjecerat:
634 4552 684 4600 Par
708 4553 768 4599 usui
794 4554 820 4598 in

356 4631 432 4680 vot.
445 4632 467 4680 l.

1301 2194 1371 2262 150

874 2415 993 2481 Phrygio5
1011 2431 1065 2480 ego,
1076 2433 1170 2478 usquam
1180 2413 1294 2478 Phrygia,
1308 2419 1371 2460 recte

873 2488 920 2553 legi
930 2488 969 2536 hic
980 2498 1052 2553 puto;
1063 2488 1135 2536 debet
1143 2487 1206 2536 euim
1214 2484 1348 2552 praepositio
1356 2503 1371 2531 a

873 2563 948 2628 repeti
956 2561 1140 2627 assequentibus.
1150 2571 1177 2609 ut
1184 2560 1260 2625 Epist
1267 2558 1301 2606 vi.
1314 2558 1369 2605 107.

906 2636 954 2684 Illa
971 2638 1014 2683 sibi
1026 2635 1108 2692 Taurii,
1127 2635 1264 2698 &ytdiaepaoe
1277 2634 1370 2695 paludi-

969 2711 1009 2757 bus
1018 2712 1069 2758 udoe

938 2783 1041 2840 Querar,
1052 2794 1074 2831 et
1085 2801 1101 2831 a
1112 2786 1192 2845 putria
1210 2781 1319 2830 Phasidos
1333 2797 1370 2828 us·

968 2874 1010 2918 que
1018 2860 1103 2905 virum.

872 2929 889 2979 i.
899 2929 953 2979 Art.
966 2929 1022 2978 Am.
1035 2931 1094 2979 72³.

968 3007 1171 3069 —AEquoris
1179 3007 1243 3052 auda

907 3078 986 3135 Debes,
997 3090 1018 3128 et
1029 3098 1044 3126 o
1054 3081 1126 3127 radiis
1133 3080 1213 3127 sideris
1223 3094 1267 3126 stae
1277 3078 1352 3141 niger.

873 3151 916 3200 xii.
929 3153 1021 3202 Metam
1033 3154 1088 3202 125.

907 3225 1041 3283 Imauus
1052 3244 1116 3275 muro
1125 3228 1223 3276 wliduus
1232 3245 1247 3274 a
1257 3234 1324 3274 caute
1334 3240 1370 3273 rs·

937 3301 1004 3360 pulsa
1014 3309 1054 3348 art.
1245 3299 1336 3347 Buten.

908 3373 964 3422 149.
983 3372 1048 3422 Mors
1066 3384 1110 3422 tuoe
1125 3376 1200 3439 gentis
1218 3376 1293 3421 nitida
1313 3375 1369 3421 duur

873 3449 1050 3509 uudspalastra
1058 3447 1139 3503 hedis.
1147 3458 1168 3496 et
1178 3464 1199 3495 es
1209 3445 1369 3510 nudisssmino

872 3522 938 3567 mista
948 3520 1026 3584 viria]
1045 3519 1184 3584 Virginibus
1200 3519 1307 3568 Iacenis
1318 3528 1368 3568 stn-

871 3593 912 3641 dio
922 3593 967 3642 suit
977 3595 1096 3659 palestra.
1123 3595 1201 3644 Cicer.
1210 3594 1252 3641 lib.
1265 3592 1292 3639 ii.
1304 3593 1366 3658 disp.

870 3667 968 3717 Tuscu.
978 3678 1003 3717 et
1018 3668 1069 3717 alii.
1098 3667 1237 3716 Crorssus.
1271 3666 1369 3715 Modicia

871 3740 989 3800 Scriverii,
999 3759 1052 3808 quac
1064 3751 1100 3790 est
1115 3741 1203 3805 glossa.
1218 3739 1260 3788 sed
1271 3741 1369 3787 nitidum

871 3816 963 3881 proprie
970 3816 1039 3872 dixit,
1046 3815 1103 3880 quia
1113 3815 1240 3863 luctatores
1246 3811 1299 3860 oleo
1307 3811 1367 3860 nite-

871 3888 938 3937 bant.
948 3889 993 3936 lib.
1004 3906 1028 3936 v.
1045 3889 1109 3936 Fast.
1121 3888 1179 3937 667.

904 3961 966 4011 late
976 3964 1032 4024 lyroe
1046 3964 1123 4023 pulsu,
1133 3963 1209 4009 nitido
1218 3976 1302 4023 quoqu
1319 3960 1368 4008 iaets

933 4037 1050 4095 mura.

871 4107 902 4154 Et
912 4107 997 4157 Horat.
1008 4108 1035 4155 ii.
1047 4108 1096 4156 od.
1111 4109 1149 4155 12.
1167 4106 1261 4154 Nitidcs
1268 4106 1365 4165 puellas,

870 4190 940 4229 vocat
949 4182 1002 4231 oleo
1011 4181 1117 4247 perfusas
1125 4199 1132 4240 ;
1152 4188 1177 4229 et
1186 4179 1279 4228 Auson.
1290 4179 1367 4244 Epist.

871 4271 922 4304 xm.

905 4329 992 4378 Nitida
1001 4331 1061 4377 castis
1070 4337 1141 4376 uncta
1146 4331 1270 4390 juventus.

870 4404 902 4452 Et
911 4404 973 4451 Stat.
985 4420 1010 4450 x.
1020 4401 1098 4450 Theb.
1109 4403 1166 4451 496.

936 4475 1013 4525 Nitida
1023 4478 1118 4524 norim
1126 4486 1221 4525 matese
1230 4480 1334 4542 magistri

903 4550 1109 4678 ψ,-
