3600 5925
580 759 809 849 ‘nuoauu
861 783 952 849 nm.
976 783 1005 849 1.
1027 785 1059 849 o.
1275 785 1340 848 auo

300 962 477 1056 Cumque
487 958 540 1032 ita
548 968 744 1055 pugnaret,
752 967 947 1053 tamquam
957 980 1042 1054 quae
1051 956 1200 1030 vincere
1209 955 1337 1042 nollet,

349 1074 461 1148 Victa
477 1084 537 1148 est
552 1095 628 1144 non
646 1095 744 1168 oegre
762 1071 974 1170 proditione
992 1073 1075 1146 sua.
1294 1074 1338 1143 16

302 1190 356 1264 Ut
372 1190 477 1263 stetit
493 1199 580 1262 ante
598 1189 739 1274 oeulos
758 1189 881 1288 posito
898 1188 1093 1274 velamine,
1113 1198 1271 1273 nostros,

349 1306 394 1378 In
412 1315 491 1379 toto
508 1328 694 1401 nusquam
712 1328 866 1403 corpore
882 1306 1019 1378 menda
1035 1303 1117 1378 fuit.

300 1419 404 1506 Quos
422 1422 609 1507 humeros,
628 1422 760 1519 quales
776 1421 852 1495 vidi
869 1421 1052 1519 tetigique
1069 1419 1251 1494 lacertos!

350 1535 487 1638 Forma
502 1536 724 1636 papillarum
743 1560 857 1634 quam
874 1537 945 1610 fuit
961 1548 1051 1636 apta
1067 1534 1208 1633 premil
1289 1538 1339 1604 20

299 1649 423 1736 Quam
436 1652 619 1749 castigato
637 1653 772 1752 planus
790 1654 860 1726 sub
877 1662 1029 1750 pectore
1045 1650 1194 1724 venterl

349 1765 541 1852 Quantum
558 1778 598 1841 et
614 1768 727 1866 quale
744 1768 867 1846 latus!
894 1790 1010 1865 quam
1023 1764 1190 1863 juvenile
1202 1763 1337 1837 femur!

301 1881 459 1979 Singula
474 1883 566 1981 quid
583 1883 765 1958 referam?
791 1884 843 1960 nil
860 1908 936 1958 non
952 1881 1140 1956 laudabile
1156 1879 1254 1953 vidi:

351 1995 402 2070 Et
418 1998 556 2072 nudam
574 2000 693 2098 pressi
709 2022 846 2097 corpus
863 2000 912 2073 ad
930 2020 1051 2096 usque
1070 2020 1207 2070 meum.

301 2112 439 2186 Cetera
455 2113 542 2209 quis
559 2115 704 2188 nescit?
730 2114 821 2188 lassi
838 2113 1091 2211 requievimus
1108 2111 1232 2186 ambo.
1291 2115 1340 2183 25

350 2224 577 2308 Proveniant
593 2229 706 2303 medii
725 2229 779 2303 sic
797 2228 888 2302 milri
906 2251 1008 2326 saepe
1027 2227 1121 2302 dies.

655 2629 883 2705 ELEGIA
916 2629 986 2703 Vl.

300 2796 323 2868 J
327 2797 446 2870 anitor
463 2797 693 2893 (indignum)
710 2796 806 2871 dura
824 2797 979 2894 religate
995 2801 1144 2884 catena,

353 2911 553 2986 Difficilem
571 2921 672 2986 moto
689 2911 840 2987 cardine
858 2913 982 3013 pande
999 2914 1129 2991 forem.

302 3030 413 3114 Quod
431 3052 575 3128 precor,
594 3029 773 3125 exiguum
790 3041 862 3104 est.
890 3032 994 3105 aditu
1012 3031 1072 3105 fac
1085 3034 1204 3130 janua
1220 3055 1334 3130 parvo

350 3146 560 3243 Obliquum
578 3144 703 3243 capiat
720 3146 996 3244 semiadaperta
1012 3147 1123 3220 latus.

302 3261 452 3359 Longus
466 3262 583 3335 Amor
598 3262 693 3335 tales
711 3285 847 3360 corpus
865 3262 1033 3337 tenuavit
1049 3262 1087 3336 in
1105 3287 1217 3338 usus:
1320 3269 1343 3337 5

349 3378 527 3476 Aptaque
545 3377 732 3452 subducto
750 3380 916 3477 pondere
933 3379 1103 3456 membra
1118 3378 1235 3456 dedit.

302 3493 372 3566 llle
389 3517 456 3591 per
473 3494 653 3567 excubias
671 3495 871 3569 custodum
889 3495 1023 3569 leniter
1040 3494 1094 3568 ire

351 3607 560 3684 Monstrat:
587 3607 789 3685 inoffensos
806 3610 934 3707 dirigit
950 3610 1014 3687 ille
1031 3610 1161 3708 pedes.

331 3853 374 3900 21.
401 3850 476 3906 Quam
496 3851 627 3918 castigata]
656 3850 796 3909 Emendate,
878 3852 1018 3901 mvn-1.
1035 3848 1164 3915 deligata]
1184 3850 1236 3898 Hoc
1248 3850 1344 3898 verbnm

299 3934 410 3982 oorracto,
427 3925 545 3983 mmlrum,
560 3942 603 3989 per
617 3925 714 3974 lanciam
723 3942 732 3987 3
748 3942 797 3991 qua
845 3942 888 3993 pro
904 3924 1006 3991 simplici
1023 3927 1096 3992 ligore
1113 3924 1152 3974 vel
1169 3926 1274 3988 alligari,
1288 3924 1344 3989 poni

299 4009 457 4049 tumescentes
466 4009 491 4049 et
500 4000 657 4048 exuberantes
667 3998 737 4047 nimir
753 4014 796 4065 ps·
846 3999 921 4047 solere
932 3996 1344 4048 docuitTorrant.udHornt.i.0d.

300 4073 369 4139 pillea
379 4073 487 4123 solebant
497 4073 615 4127 cobrcere,
626 4080 653 4120 ut
668 4072 694 4118 in
704 4070 748 4120 lib.
760 4071 796 4120 iii.
847 4073 889 4121 ³2.
1211 4085 1217 4099 ⁸

299 4147 354 4196 Art.
365 4148 448 4197 Amat.
459 4147 518 4196 2⁷4.
530 4145 624 4195 instruit
632 4145 733 4212 puellas.
765 4145 797 4194 Et
879 4147 903 4194 2.
921 4145 1069 4210 Μαίη]
1088 4145 1177 4195 Coum
1179 4143 1264 4209 suellis
1276 4149 1345 4196 cardo

299 4220 499 4271 AchillesTatiua
509 4219 553 4268 lib.
564 4218 583 4267 i.
594 4235 650 4286 pag.
662 4221 686 4269 8.
703 4219 797 4269 DeEu·
846 4220 936 4268 Juven.
952 4219 1002 4268 Sat.
1018 4219 1052 4268 ir.
1064 4219 1106 4267 43.
1123 4226 1148 4268 et
1164 4219 1247 4268 Horat.
1257 4217 1275 4267 i.
1294 4219 1343 4269 Od.

301 4311 365 4360 rope,
381 4296 466 4354 Βαθὺς
481 4295 600 4361 ὀμφαλὸς,
615 4295 713 4359 γαστὴρ
729 4310 798 4343 ma·
848 4294 891 4343 25.

300 4367 371 4431 μένῃ,
399 4368 503 4435 λαπάρα
524 4367 609 4428 στενή.
635 4366 675 4417 ubi
696 4365 799 4435 plurima
882 4368 938 4423 Qu
962 4370 1028 4430 priris
1047 4368 1146 4416 multum
1165 4366 1251 4433 facila
1273 4385 1344 4418 noos·

302 4439 357 4489 hnic
373 4441 616 4491 Commorim
635 4457 681 4491 non
696 4440 797 4490 dissimi-
945 4443 983 4489 bot

302 4512 346 4563 lia.
357 4516 406 4565 vid.
417 4516 476 4565 Jun.
493 4515 686 4567 depictarum.
697 4516 732 4566 iii.
744 4531 797 4582 oap.
882 4514 1001 4564 Cordium.
1220 4516 1311 4567 Hune

301 4588 459 4638 insectw.
494 4591 582 4640 Bunrr.

909 4671 958 4719 xa
