3600 5925
541 755 800 821 HEROIDES.
834 757 904 820 ΕΡ.
929 757 1039 823 XXI.
1239 761 1303 825 291

264 932 388 1030 Turpe
407 930 475 1004 tibi
494 941 564 1015 est,
584 930 688 1002 illum
705 929 858 1004 caussas
875 932 1064 1029 depellere
1081 933 1166 1020 leti;
1234 940 1302 1008 175

313 1048 368 1122 Te
386 1058 517 1121 contra
532 1046 681 1119 titulum
699 1047 827 1120 mortis
845 1048 984 1120 habere
1001 1071 1107 1122 meae.

265 1163 473 1261 Numquid,
491 1163 530 1235 in
548 1162 723 1235 umbroso
741 1186 827 1235 cum
844 1162 960 1236 velles
977 1162 1079 1237 fonte
1096 1165 1222 1250 lavari,

315 1277 538 1377 Imprudens
556 1277 680 1350 vultus
697 1280 745 1351 ad
766 1286 832 1351 tua
848 1278 953 1351 labra
969 1279 1063 1352 tuli?

265 1395 481 1469 Praeteriine
498 1407 583 1466 tuas
600 1393 648 1466 de
665 1402 721 1467 tot
736 1393 952 1468 coelestibus
970 1397 1074 1468 aras?

316 1511 442 1608 Atque
455 1522 521 1583 tua
534 1518 593 1583 est
609 1513 737 1583 nostrll
752 1522 879 1609 spreta
890 1524 1045 1610 parente
1058 1511 1217 1610 parens?
1233 1520 1303 1588 180

266 1625 329 1698 Nil
347 1652 418 1722 ego
435 1625 600 1724 peccavi,
619 1625 689 1697 nisi
708 1626 809 1725 quod
827 1627 989 1728 perjuria
1007 1629 1102 1723 legi;

315 1741 437 1842 Inque
455 1765 585 1841 pamm
603 1740 725 1815 fausto
743 1741 907 1815 carmine
924 1742 1038 1817 docta
1053 1740 1118 1815 fui.

264 1858 322 1931 Tu
340 1881 492 1956 quoqne
510 1880 577 1954 pro
593 1856 713 1941 nobis,
733 1857 764 1929 si
782 1879 857 1929 non
873 1858 1042 1931 mentiris
1059 1879 1236 1944 amorem,

314 1972 415 2046 Tura
431 1972 540 2046 feras.
568 1971 722 2069 prosint,
742 1995 828 2069 quae
846 1996 1019 2058 nocuere,
1039 1997 1184 2048 manus

266 2089 356 2176 Cur,
376 2113 460 2186 quae
477 2097 687 2173 succenset,
706 2088 808 2184 qnod
826 2089 949 2163 adhuc
963 2090 1031 2163 tibi
1049 2102 1162 2189 pacta
1178 2084 1304 2188 puella

315 2204 402 2277 Non
418 2215 484 2277 tna
500 2203 553 2288 fit,
573 2203 716 2276 fierine
735 2214 801 2275 tna
817 2203 948 2300 possit,
968 2207 1070 2301 agit?
1234 2213 1302 2281 186

265 2321 403 2394 Omnia
418 2320 466 2393 de
483 2319 565 2392 viva
583 2317 651 2390 tibi
670 2327 756 2390 sunt
773 2320 971 2416 speranda.
1001 2320 1093 2417 quid
1111 2321 1231 2396 aufert

316 2437 424 2509 Saeva
441 2435 530 2508 mihi
548 2434 674 2520 vitam,
693 2458 799 2532 spem
817 2435 885 2509 tibi
906 2436 1003 2510 Diva
1020 2437 1119 2510 mei?

267 2552 347 2627 Nec
363 2565 405 2626 tu
423 2550 625 2624 credideris
643 2550 760 2636 illurn,
778 2552 839 2624 cui
857 2553 1024 2626 destinor
1042 2578 1147 2639 uxor,

314 2669 428 2766 AEgra
444 2666 681 2765 superpositis
700 2669 869 2741 membra
884 2668 1007 2742 fovere
1026 2694 1150 2744 manu.
1234 2676 1302 2744 190

266 2786 425 2858 Adsidet
442 2785 502 2856 ille
520 2784 685 2880 quidem,
704 2793 885 2881 quantum
904 2786 1130 2882 permittitur
1147 2786 1236 2884 ipsi;

317 2901 393 2975 Sed
412 2898 580 2975 meminit
597 2909 763 2973 nostrum
780 2898 931 2996 virginis
949 2925 1032 2976 esse
1049 2912 1183 2993 torum.
1276 2976 1280 2981 .

263 3018 349 3092 Jam
368 3041 520 3116 quoque
538 3015 665 3088 nescio
683 3015 773 3111 quid
791 3015 839 3088 de
853 3040 914 3089 me
932 3017 1094 3091 sensisse
1111 3018 1276 3091 videtur:

315 3133 413 3207 Nam
431 3133 592 3206 lacrimae
610 3132 745 3204 caussd
764 3155 866 3228 saepe
884 3132 1022 3206 latente
1039 3133 1208 3207 cadunt

264 3251 314 3325 Et
330 3251 452 3323 minus
470 3248 864 3337 audacter-blanditur,
885 3259 924 3322 et
941 3249 1071 3321 oscula
1087 3272 1169 3323 rara
1231 3255 1299 3324 195

314 3367 474 3465 Accipit,
493 3378 533 3440 et
548 3367 678 3440 timido
696 3390 756 3440 me
774 3377 883 3438 vocat
900 3389 963 3439 ore
981 3355 1105 3439 suam.¹
1140 3358 1143 3365 ⁴
1188 3384 1193 3391 ·

264 3483 346 3555 Nec
365 3483 476 3554 miror
492 3482 666 3567 sensisse,
686 3482 783 3555 notis
801 3506 887 3554 cum
906 3482 1041 3583 prodar
1059 3484 1218 3581 apertis:

314 3597 359 3672 ln
376 3598 550 3671 dextrum
567 3622 703 3684 versor,
722 3622 808 3671 cum
825 3599 927 3673 venit
944 3600 1018 3685 ille,
1039 3599 1148 3673 latus.

296 3889 339 3936 Dic
353 3906 373 3943 r,
384 3900 404 3937 tr
419 3889 536 3936 lrerlrnrunr
552 3890 664 3935 commissa
678 3895 754 3947 poten·
841 3886 896 3932 1116.
914 3885 966 3933 Non
978 3884 1081 3947 tuerit]
1096 3883 1225 3947 Seribcfit.
1237 3886 1301 3949 quod

326 3965 438 4011 tinnulis.
651 3959 722 4008 Cror.
805 3961 834 4006 τὸ
844 3960 902 4021 fieri
920 3958 1024 4022 proxime
1035 3958 1181 4023 subsequens
1192 3959 1299 4023 requirit.

297 4038 350 4085 182.
368 4036 441 4101 Inque
459 4051 542 4100 parum
554 4032 637 4098 semro
656 4035 756 4081 camnine
805 4047 834 4079 ea
850 4031 957 4097 repetitio
967 4041 1051 4097 arguta
1068 4048 1162 4098 prorsus
1176 4034 1218 4081 καὶ
1232 4032 1299 4083 ἑλκυ-

259 4110 396 4177 niujin]
415 4111 488 4173 Capta
498 4110 543 4174 sni
555 4107 647 4156 videtur
663 4105 755 4155 restitu·
805 4104 883 4165 στικὴ.
900 4105 991 4171 Herus.

262 4183 357 4240 endum,
377 4195 403 4234 ut
422 4185 473 4233 lime
489 4183 541 4250 ipsa
558 4180 666 4247 Cydippe
685 4180 755 4246 paulo
840 4180 895 4227 1911.
915 4177 945 4227 ln
960 4170 1086 4242 deutrum]
1112 4179 1167 4229 Jem
1184 4178 1237 4246 quis
1254 4197 1300 4232 non

260 4268 315 4307 ante
327 4260 381 4307 104.
806 4252 885 4301 videat
900 4251 1071 4317 legendnm.in
1088 4254 1175 4309 levum
1191 4270 1237 4304 non
1247 4258 1300 4305 au.

297 4333 391 4396 l'r'eaque
400 4335 566 4395 simplicitatem
575 4347 621 4379 rnen
629 4346 688 4392 posse
696 4331 754 4392 cupi.
805 4329 883 4376 rrum?
899 4342 955 4375 curn
971 4325 1150 4383 decumbentes,
1162 4327 1218 4377 dum
1234 4345 1299 4380 erer-

264 4406 294 4454 Et
309 4408 364 4454 122.
804 4409 885 4450 santur
895 4416 936 4449 eos
947 4399 988 4464 qni
1003 4399 1149 4457 invisurum
1165 4400 1251 4453 lovum
1262 4421 1299 4455 re.

295 4480 392 4540 Sumque
401 4497 481 4541 purum
491 4480 754 4543 prudeuscuprapuellu
805 4474 1125 4525 clincntlatusnecesseest.
1159 4477 1298 4529 Euunrrur.

327 4555 393 4599 dalis.
602 4586 605 4590 .
806 4551 857 4599 Imo
868 4559 959 4605 contra.
973 4559 999 4599 ut
1010 4550 1114 4599 dextram
1126 4550 1218 4603 medico
1226 4553 1299 4618 porri·

864 4631 962 4679 ,119
