<?xml version="1.0" encoding="UTF-8"?>
<!DOCTYPE html PUBLIC "-//W3C//DTD XHTML 1.0 Transitional//EN"
    "http://www.w3.org/TR/xhtml1/DTD/xhtml1-transitional.dtd">
<html xmlns="http://www.w3.org/1999/xhtml" xml:lang="en" lang="en">
 <head>
  <title>
</title>
<meta http-equiv="Content-Type" content="text/html;charset=utf-8" />
  <meta name='ocr-system' content='tesseract 3.04.00' />
  <meta name='ocr-capabilities' content='ocr_page ocr_carea ocr_par ocr_line ocrx_word'/>
</head>
<body>
  <div class='ocr_page' id='page_1' title='image "./opera00giergoog/opera00giergoog_0304.png"; bbox 0 0 3600 5925; ppageno 0'>
   <div class='ocr_carea' id='block_1_1' title="bbox 421 718 1180 801">
    <p class='ocr_par' dir='ltr' id='par_1_1' title="bbox 421 718 1180 801">
     <span class='ocr_line' id='line_1_1' title="bbox 421 718 1180 801; baseline -0.024 0"><span class='ocrx_word' id='word_1_1' title='bbox 421 735 488 801; x_wconf 73' lang='lat'><strong>234</strong></span> <span class='ocrx_word' id='word_1_2' title='bbox 717 729 757 793; x_wconf 87' lang='lat' dir='ltr'><strong>P.</strong></span> <span class='ocrx_word' id='word_1_3' title='bbox 781 723 944 793; x_wconf 90' lang='lat' dir='ltr'>OVIDII</span> <span class='ocrx_word' id='word_1_4' title='bbox 967 718 1180 787; x_wconf 85' lang='lat' dir='ltr'>NASONIS</span> 
     </span>
    </p>
   </div>
   <div class='ocr_carea' id='block_1_2' title="bbox 426 892 1470 1003">
    <p class='ocr_par' dir='ltr' id='par_1_2' title="bbox 426 892 1470 1003">
     <span class='ocr_line' id='line_1_2' title="bbox 426 892 1470 1003; baseline -0.015 -22"><span class='ocrx_word' id='word_1_5' title='bbox 426 908 521 993; x_wconf 82' lang='lat' dir='ltr'><strong>Quae</strong></span> <span class='ocrx_word' id='word_1_6' title='bbox 535 907 654 1003; x_wconf 86' lang='lat' dir='ltr'><strong>juvat,</strong></span> <span class='ocrx_word' id='word_1_7' title='bbox 673 911 717 974; x_wconf 85' lang='lat' dir='ltr'><strong>ut</strong></span> <span class='ocrx_word' id='word_1_8' title='bbox 733 923 832 973; x_wconf 89' lang='lat' dir='ltr'><strong>nunc</strong></span> <span class='ocrx_word' id='word_1_9' title='bbox 851 908 921 983; x_wconf 86' lang='lat' dir='ltr'><strong>est,</strong></span> <span class='ocrx_word' id='word_1_10' title='bbox 936 896 1070 968; x_wconf 85' lang='lat' dir='ltr'><strong>eadem</strong></span> <span class='ocrx_word' id='word_1_11' title='bbox 1087 892 1178 965; x_wconf 91' lang='lat' dir='ltr'><strong>mihi</strong></span> <span class='ocrx_word' id='word_1_12' title='bbox 1197 892 1316 988; x_wconf 88' lang='lat' dir='ltr'><strong>gloria</strong></span> <span class='ocrx_word' id='word_1_13' title='bbox 1331 893 1470 965; x_wconf 84' lang='lat' dir='ltr'><strong>damno</strong></span> 
     </span>
    </p>
   </div>
   <div class='ocr_carea' id='block_1_3' title="bbox 339 997 1473 2269">
    <p class='ocr_par' dir='ltr' id='par_1_3' title="bbox 339 997 1473 2269">
     <span class='ocr_line' id='line_1_3' title="bbox 476 997 1468 1103; baseline -0.014 -8"><span class='ocrx_word' id='word_1_14' title='bbox 476 1023 527 1096; x_wconf 86' lang='lat' dir='ltr'><strong>Et</strong></span> <span class='ocrx_word' id='word_1_15' title='bbox 544 1019 677 1093; x_wconf 85' lang='lat' dir='ltr'><strong>melius</strong></span> <span class='ocrx_word' id='word_1_16' title='bbox 695 1018 804 1091; x_wconf 83' lang='lat' dir='ltr'><strong>famae</strong></span> <span class='ocrx_word' id='word_1_17' title='bbox 821 1014 936 1088; x_wconf 87' lang='lat' dir='ltr'><strong>verba</strong></span> <span class='ocrx_word' id='word_1_18' title='bbox 952 1011 1103 1085; x_wconf 82' lang='lat' dir='ltr'>dedisse</span> <span class='ocrx_word' id='word_1_19' title='bbox 1120 997 1228 1081; x_wconf 83' lang='lat' dir='ltr'><strong>forat.</strong></span> <span class='ocrx_word' id='word_1_20' title='bbox 1371 1010 1468 1103; x_wconf 67' lang='grc' dir='ltr'>[θεῖε</span> 
     </span>
     <span class='ocr_line' id='line_1_4' title="bbox 427 1122 1451 1234; baseline -0.016 -22"><span class='ocrx_word' id='word_1_21' title='bbox 427 1139 522 1224; x_wconf 88' lang='lat' dir='ltr'><strong>Nec,</strong></span> <span class='ocrx_word' id='word_1_22' title='bbox 542 1135 645 1234; x_wconf 89' lang='lat' dir='ltr'><strong>quod</strong></span> <span class='ocrx_word' id='word_1_23' title='bbox 663 1135 784 1219; x_wconf 86' lang='lat' dir='ltr'><strong>abest,</strong></span> <span class='ocrx_word' id='word_1_24' title='bbox 803 1130 864 1203; x_wconf 82' lang='lat' dir='ltr'><strong>hic</strong></span> <span class='ocrx_word' id='word_1_25' title='bbox 887 1151 949 1201; x_wconf 90' lang='lat' dir='ltr'><strong>me</strong></span> <span class='ocrx_word' id='word_1_26' title='bbox 967 1136 1092 1199; x_wconf 86' lang='lat' dir='ltr'><strong>tecum</strong></span> <span class='ocrx_word' id='word_1_27' title='bbox 1110 1124 1245 1197; x_wconf 90' lang='lat' dir='ltr'><strong>mirare</strong></span> <span class='ocrx_word' id='word_1_28' title='bbox 1262 1122 1451 1196; x_wconf 88' lang='lat' dir='ltr'><strong>relictam:</strong></span> 
     </span>
     <span class='ocr_line' id='line_1_5' title="bbox 477 1243 1189 1326; baseline -0.02 0"><span class='ocrx_word' id='word_1_29' title='bbox 477 1252 649 1326; x_wconf 90' lang='lat' dir='ltr'><strong>Moribus</strong></span> <span class='ocrx_word' id='word_1_30' title='bbox 667 1259 706 1323; x_wconf 89' lang='lat' dir='ltr'><strong>et</strong></span> <span class='ocrx_word' id='word_1_31' title='bbox 721 1248 807 1321; x_wconf 86' lang='lat' dir='ltr'><strong>ritae</strong></span> <span class='ocrx_word' id='word_1_32' title='bbox 824 1244 986 1320; x_wconf 83' lang='lat' dir='ltr'><strong>credidit</strong></span> <span class='ocrx_word' id='word_1_33' title='bbox 1003 1243 1065 1315; x_wconf 89' lang='lat' dir='ltr'><strong>ille</strong></span> <span class='ocrx_word' id='word_1_34' title='bbox 1082 1264 1189 1313; x_wconf 88' lang='lat' dir='ltr'><strong>meae.</strong></span> 
     </span>
     <span class='ocr_line' id='line_1_6' title="bbox 428 1357 1251 1450; baseline -0.018 -8"><span class='ocrx_word' id='word_1_35' title='bbox 428 1369 487 1442; x_wconf 91' lang='lat' dir='ltr'><strong>De</strong></span> <span class='ocrx_word' id='word_1_36' title='bbox 505 1367 600 1441; x_wconf 87' lang='lat' dir='ltr'><strong>facie</strong></span> <span class='ocrx_word' id='word_1_37' title='bbox 617 1365 762 1450; x_wconf 87' lang='lat' dir='ltr'><strong>metuit,</strong></span> <span class='ocrx_word' id='word_1_38' title='bbox 780 1363 867 1435; x_wconf 81' lang='lat' dir='ltr'><strong>ritoe</strong></span> <span class='ocrx_word' id='word_1_39' title='bbox 885 1359 1062 1435; x_wconf 89' lang='lat' dir='ltr'><strong>confidit:</strong></span> <span class='ocrx_word' id='word_1_40' title='bbox 1090 1366 1130 1430; x_wconf 88' lang='lat' dir='ltr'><strong>et</strong></span> <span class='ocrx_word' id='word_1_41' title='bbox 1146 1357 1251 1429; x_wconf 92' lang='lat' dir='ltr'><strong>illum</strong></span> 
     </span>
     <span class='ocr_line' id='line_1_7' title="bbox 478 1469 1265 1578; baseline -0.019 -22"><span class='ocrx_word' id='word_1_42' title='bbox 478 1485 662 1557; x_wconf 90' lang='lat' dir='ltr'><strong>Securum</strong></span> <span class='ocrx_word' id='word_1_43' title='bbox 679 1478 860 1578; x_wconf 87' lang='lat' dir='ltr'><strong>probitas,</strong></span> <span class='ocrx_word' id='word_1_44' title='bbox 878 1477 998 1550; x_wconf 86' lang='lat' dir='ltr'><strong>forma</strong></span> <span class='ocrx_word' id='word_1_45' title='bbox 1014 1469 1265 1547; x_wconf 79' lang='lat' dir='ltr'><strong>timorefacit.</strong></span> 
     </span>
     <span class='ocr_line' id='line_1_8' title="bbox 426 1585 1435 1696; baseline -0.017 -24"><span class='ocrx_word' id='word_1_46' title='bbox 426 1598 615 1696; x_wconf 79' lang='lat' dir='ltr'>Tempora</span> <span class='ocrx_word' id='word_1_47' title='bbox 631 1618 679 1668; x_wconf 86' lang='lat' dir='ltr'><strong>ne</strong></span> <span class='ocrx_word' id='word_1_48' title='bbox 696 1602 853 1692; x_wconf 88' lang='lat' dir='ltr'><strong>pereant</strong></span> <span class='ocrx_word' id='word_1_49' title='bbox 869 1592 967 1664; x_wconf 87' lang='lat' dir='ltr'><strong>ultro</strong></span> <span class='ocrx_word' id='word_1_50' title='bbox 984 1590 1074 1662; x_wconf 88' lang='lat' dir='ltr'><strong>data</strong></span> <span class='ocrx_word' id='word_1_51' title='bbox 1090 1585 1287 1685; x_wconf 85' lang='lat' dir='ltr'><strong>praecipis;</strong></span> <span class='ocrx_word' id='word_1_52' title='bbox 1316 1596 1435 1681; x_wconf 86' lang='lat' dir='ltr'><strong>utque</strong></span> 
     </span>
     <span class='ocr_line' id='line_1_9' title="bbox 339 1701 1470 1810; baseline -0.013 -23"><span class='ocrx_word' id='word_1_53' title='bbox 339 1705 344 1712; x_wconf 72' lang='grc'><strong>’</strong></span> <span class='ocrx_word' id='word_1_54' title='bbox 480 1710 670 1810; x_wconf 89' lang='lat' dir='ltr'><strong>Simplicis</strong></span> <span class='ocrx_word' id='word_1_55' title='bbox 688 1719 837 1781; x_wconf 90' lang='lat' dir='ltr'><strong>utamur</strong></span> <span class='ocrx_word' id='word_1_56' title='bbox 855 1705 1122 1781; x_wconf 81' lang='lat' dir='ltr'><strong>commoditate</strong></span> <span class='ocrx_word' id='word_1_57' title='bbox 1139 1701 1219 1773; x_wconf 88' lang='lat' dir='ltr'><strong>viri.</strong></span> <span class='ocrx_word' id='word_1_58' title='bbox 1401 1704 1470 1773; x_wconf 89' lang='lat'><strong>176</strong></span> 
     </span>
     <span class='ocr_line' id='line_1_10' title="bbox 429 1817 1396 1913; baseline -0.011 -13"><span class='ocrx_word' id='word_1_59' title='bbox 429 1827 480 1900; x_wconf 89' lang='lat' dir='ltr'><strong>Et</strong></span> <span class='ocrx_word' id='word_1_60' title='bbox 495 1827 600 1913; x_wconf 87' lang='lat' dir='ltr'><strong>libet,</strong></span> <span class='ocrx_word' id='word_1_61' title='bbox 619 1835 658 1899; x_wconf 88' lang='lat' dir='ltr'><strong>et</strong></span> <span class='ocrx_word' id='word_1_62' title='bbox 674 1824 788 1897; x_wconf 86' lang='lat' dir='ltr'><strong>timeo</strong></span> <span class='ocrx_word' id='word_1_63' title='bbox 804 1852 813 1912; x_wconf 91' lang='grc'>;</span> <span class='ocrx_word' id='word_1_64' title='bbox 842 1848 912 1898; x_wconf 87' lang='lat' dir='ltr'><strong>nec</strong></span> <span class='ocrx_word' id='word_1_65' title='bbox 931 1823 1053 1896; x_wconf 88' lang='lat' dir='ltr'><strong>adhuc</strong></span> <span class='ocrx_word' id='word_1_66' title='bbox 1072 1828 1209 1892; x_wconf 85' lang='lat' dir='ltr'><strong>exacta</strong></span> <span class='ocrx_word' id='word_1_67' title='bbox 1224 1817 1396 1890; x_wconf 86' lang='lat' dir='ltr'><strong>voluntas</strong></span> 
     </span>
     <span class='ocr_line' id='line_1_11' title="bbox 479 1933 1358 2038; baseline -0.013 -23"><span class='ocrx_word' id='word_1_68' title='bbox 479 1942 550 2015; x_wconf 89' lang='lat' dir='ltr'><strong>Est</strong></span> <span class='ocrx_word' id='word_1_69' title='bbox 566 1941 682 2030; x_wconf 83' lang='lat' dir='ltr'><strong>satis3</strong></span> <span class='ocrx_word' id='word_1_70' title='bbox 711 1940 750 2012; x_wconf 89' lang='lat' dir='ltr'><strong>in</strong></span> <span class='ocrx_word' id='word_1_71' title='bbox 767 1940 883 2014; x_wconf 93' lang='lat' dir='ltr'><strong>dubio</strong></span> <span class='ocrx_word' id='word_1_72' title='bbox 902 1949 1057 2038; x_wconf 79' lang='lat' dir='ltr'><strong>pectora</strong></span> <span class='ocrx_word' id='word_1_73' title='bbox 1073 1946 1201 2009; x_wconf 86' lang='lat' dir='ltr'><strong>nostra</strong></span> <span class='ocrx_word' id='word_1_74' title='bbox 1216 1933 1358 2006; x_wconf 88' lang='lat' dir='ltr'><strong>labant.</strong></span> 
     </span>
     <span class='ocr_line' id='line_1_12' title="bbox 429 2048 1406 2146; baseline -0.013 -14"><span class='ocrx_word' id='word_1_75' title='bbox 429 2057 481 2132; x_wconf 89' lang='lat' dir='ltr'><strong>Et</strong></span> <span class='ocrx_word' id='word_1_76' title='bbox 496 2058 551 2128; x_wconf 89' lang='lat' dir='ltr'><strong>vir</strong></span> <span class='ocrx_word' id='word_1_77' title='bbox 568 2057 678 2129; x_wconf 89' lang='lat' dir='ltr'><strong>abest</strong></span> <span class='ocrx_word' id='word_1_78' title='bbox 694 2055 825 2143; x_wconf 91' lang='lat' dir='ltr'><strong>nobis;</strong></span> <span class='ocrx_word' id='word_1_79' title='bbox 854 2066 893 2129; x_wconf 90' lang='lat' dir='ltr'><strong>et</strong></span> <span class='ocrx_word' id='word_1_80' title='bbox 909 2067 952 2128; x_wconf 91' lang='lat' dir='ltr'><strong>tu</strong></span> <span class='ocrx_word' id='word_1_81' title='bbox 970 2054 1051 2126; x_wconf 88' lang='lat' dir='ltr'><strong>sinc</strong></span> <span class='ocrx_word' id='word_1_82' title='bbox 1067 2052 1229 2146; x_wconf 84' lang='lat' dir='ltr'><strong>conjuge</strong></span> <span class='ocrx_word' id='word_1_83' title='bbox 1242 2048 1383 2122; x_wconf 87' lang='lat' dir='ltr'><strong>dormis</strong></span> <span class='ocrx_word' id='word_1_84' title='bbox 1397 2074 1406 2135; x_wconf 90' lang='lat'>;</span> 
     </span>
     <span class='ocr_line' id='line_1_13' title="bbox 480 2164 1473 2269; baseline -0.009 -25"><span class='ocrx_word' id='word_1_85' title='bbox 480 2172 602 2269; x_wconf 91' lang='lat' dir='ltr'>Inque</span> <span class='ocrx_word' id='word_1_86' title='bbox 619 2171 739 2245; x_wconf 90' lang='lat' dir='ltr'><strong>vicem</strong></span> <span class='ocrx_word' id='word_1_87' title='bbox 752 2181 819 2245; x_wconf 89' lang='lat' dir='ltr'><strong>tua</strong></span> <span class='ocrx_word' id='word_1_88' title='bbox 835 2193 908 2257; x_wconf 87' lang='lat' dir='ltr'><strong>me,</strong></span> <span class='ocrx_word' id='word_1_89' title='bbox 929 2180 967 2242; x_wconf 88' lang='lat' dir='ltr'><strong>te</strong></span> <span class='ocrx_word' id='word_1_90' title='bbox 984 2190 1070 2241; x_wconf 89' lang='lat' dir='ltr'><strong>mea</strong></span> <span class='ocrx_word' id='word_1_91' title='bbox 1085 2166 1216 2250; x_wconf 85' lang='lat' dir='ltr'><strong>forma,</strong></span> <span class='ocrx_word' id='word_1_92' title='bbox 1236 2164 1358 2262; x_wconf 82' lang='lat' dir='ltr'><strong>capit:</strong></span> <span class='ocrx_word' id='word_1_93' title='bbox 1403 2167 1473 2236; x_wconf 82' lang='lat'><strong>180</strong></span> 
     </span>
    </p>
   </div>
   <div class='ocr_carea' id='block_1_4' title="bbox 397 2396 1509 4603">
    <p class='ocr_par' dir='ltr' id='par_1_4' title="bbox 427 2396 1477 2617">
     <span class='ocr_line' id='line_1_14' title="bbox 429 2396 1477 2468; baseline -0.01 -14"><span class='ocrx_word' id='word_1_94' title='bbox 429 2407 461 2455; x_wconf 84' lang='lat' dir='ltr'><strong>Et</strong></span> <span class='ocrx_word' id='word_1_95' title='bbox 481 2404 545 2454; x_wconf 87' lang='lat' dir='ltr'><strong>Plin.</strong></span> <span class='ocrx_word' id='word_1_96' title='bbox 565 2403 617 2453; x_wconf 84' lang='lat' dir='ltr'><strong>viii.</strong></span> <span class='ocrx_word' id='word_1_97' title='bbox 638 2401 716 2468; x_wconf 85' lang='lat' dir='ltr'><strong>Epist.</strong></span> <span class='ocrx_word' id='word_1_98' title='bbox 738 2404 778 2452; x_wconf 79' lang='lat'><strong>25.</strong></span> <span class='ocrx_word' id='word_1_99' title='bbox 797 2403 884 2451; x_wconf 81' lang='lat' dir='ltr'><strong>Onerat</strong></span> <span class='ocrx_word' id='word_1_100' title='bbox 905 2411 929 2450; x_wconf 82' lang='lat' dir='ltr'><strong>ta</strong></span> <span class='ocrx_word' id='word_1_101' title='bbox 977 2398 1073 2465; x_wconf 82' lang='lat' dir='ltr'><strong>qnando</strong></span> <span class='ocrx_word' id='word_1_102' title='bbox 1084 2397 1142 2464; x_wconf 87' lang='lat' dir='ltr'><strong>qnid</strong></span> <span class='ocrx_word' id='word_1_103' title='bbox 1152 2396 1314 2464; x_wconf 87' lang='lat' dir='ltr'><strong>perpenditur,</strong></span> <span class='ocrx_word' id='word_1_104' title='bbox 1324 2404 1352 2446; x_wconf 88' lang='lat' dir='ltr'><strong>nt</strong></span> <span class='ocrx_word' id='word_1_105' title='bbox 1360 2409 1477 2461; x_wconf 82' lang='lat' dir='ltr'><strong>exsequa-</strong></span> 
     </span>
     <span class='ocr_line' id='line_1_15' title="bbox 427 2474 1160 2543; baseline -0.01 -16"><span class='ocrx_word' id='word_1_106' title='bbox 427 2489 543 2543; x_wconf 69' lang='lat' dir='ltr'><strong>quaesturae</strong></span> <span class='ocrx_word' id='word_1_107' title='bbox 553 2476 682 2541; x_wconf 71' lang='lat' dir='ltr'><strong>tuaejirrerr,</strong></span> <span class='ocrx_word' id='word_1_108' title='bbox 692 2494 760 2539; x_wconf 76' lang='lat' dir='ltr'><strong>quiam</strong></span> <span class='ocrx_word' id='word_1_109' title='bbox 775 2492 801 2524; x_wconf 87' lang='lat' dir='ltr'><strong>er</strong></span> <span class='ocrx_word' id='word_1_110' title='bbox 813 2475 928 2541; x_wconf 73' lang='lat' dir='ltr'><strong>Bithynia</strong></span> <span class='ocrx_word' id='word_1_111' title='bbox 977 2489 1038 2523; x_wconf 88' lang='lat' dir='ltr'><strong>mur.</strong></span> <span class='ocrx_word' id='word_1_112' title='bbox 1071 2474 1160 2522; x_wconf 74' lang='lat' dir='ltr'><strong>Boiu.</strong></span> 
     </span>
     <span class='ocr_line' id='line_1_16' title="bbox 428 2542 1475 2617; baseline -0.011 -15"><span class='ocrx_word' id='word_1_113' title='bbox 428 2554 657 2617; x_wconf 74' lang='lat' dir='ltr'><strong>optimumrsaen&#39;sti.</strong></span> <span class='ocrx_word' id='word_1_114' title='bbox 690 2552 781 2600; x_wconf 75' lang='lat' dir='ltr'><strong>Buten.</strong></span> <span class='ocrx_word' id='word_1_115' title='bbox 1013 2549 1067 2597; x_wconf 81' lang='lat'><strong>178.</strong></span> <span class='ocrx_word' id='word_1_116' title='bbox 1078 2545 1108 2595; x_wconf 80' lang='lat' dir='ltr'><strong>In</strong></span> <span class='ocrx_word' id='word_1_117' title='bbox 1116 2548 1365 2608; x_wconf 76' lang='lat' dir='ltr'><strong>dribirperlrmrtottru</strong></span> <span class='ocrx_word' id='word_1_118' title='bbox 1374 2542 1475 2606; x_wconf 67' lang='lat' dir='ltr'><strong>talasa]</strong></span> 
     </span>
    </p>

    <p class='ocr_par' dir='ltr' id='par_1_5' title="bbox 429 2619 1485 3721">
     <span class='ocr_line' id='line_1_17' title="bbox 463 2619 1476 2690; baseline -0.007 -15"><span class='ocrx_word' id='word_1_119' title='bbox 463 2628 520 2675; x_wconf 82' lang='lat'><strong>170.</strong></span> <span class='ocrx_word' id='word_1_120' title='bbox 539 2624 711 2690; x_wconf 62' lang='lat' dir='ltr'><strong>Dedimsuit]</strong></span> <span class='ocrx_word' id='word_1_121' title='bbox 731 2624 801 2674; x_wconf 74' lang='lat' dir='ltr'><strong>Forat</strong></span> <span class='ocrx_word' id='word_1_122' title='bbox 811 2622 928 2672; x_wconf 83' lang='lat' dir='ltr'><strong>nonnulli.</strong></span> <span class='ocrx_word' id='word_1_123' title='bbox 978 2621 1009 2671; x_wconf 80' lang='lat' dir='ltr'><strong>ln</strong></span> <span class='ocrx_word' id='word_1_124' title='bbox 1019 2625 1078 2671; x_wconf 77' lang='lat' dir='ltr'><strong>tirio</strong></span> <span class='ocrx_word' id='word_1_125' title='bbox 1088 2621 1220 2686; x_wconf 71' lang='lat' dir='ltr'><strong>scripserat,</strong></span> <span class='ocrx_word' id='word_1_126' title='bbox 1227 2619 1252 2667; x_wconf 89' lang='lat' dir='ltr'><strong>ni</strong></span> <span class='ocrx_word' id='word_1_127' title='bbox 1264 2619 1340 2675; x_wconf 80' lang='lat' dir='ltr'><strong>fallor,</strong></span> <span class='ocrx_word' id='word_1_128' title='bbox 1348 2619 1424 2667; x_wconf 84' lang='lat' dir='ltr'><strong>Naso.</strong></span> <span class='ocrx_word' id='word_1_129' title='bbox 1440 2620 1476 2668; x_wconf 74' lang='lat' dir='ltr'><strong>‘id</strong></span> 
     </span>
     <span class='ocr_line' id='line_1_18' title="bbox 429 2691 1478 2762; baseline -0.007 -14"><span class='ocrx_word' id='word_1_130' title='bbox 429 2700 563 2748; x_wconf 80' lang='lat' dir='ltr'><strong>Hsrssrns.</strong></span> <span class='ocrx_word' id='word_1_131' title='bbox 596 2700 684 2748; x_wconf 80' lang='lat' dir='ltr'><strong>Sensus</strong></span> <span class='ocrx_word' id='word_1_132' title='bbox 698 2706 742 2755; x_wconf 89' lang='lat' dir='ltr'><strong>est,</strong></span> <span class='ocrx_word' id='word_1_133' title='bbox 758 2696 929 2762; x_wconf 82' lang='lat' dir='ltr'><strong>impedimento</strong></span> <span class='ocrx_word' id='word_1_134' title='bbox 977 2691 1478 2760; x_wconf 49' lang='lat' dir='ltr'><strong>bimumlrequmtermrmpmmmapud</strong></span> 
     </span>
     <span class='ocr_line' id='line_1_19' title="bbox 430 2766 1478 2836; baseline -0.008 -13"><span class='ocrx_word' id='word_1_135' title='bbox 430 2782 474 2830; x_wconf 87' lang='lat' dir='ltr'><strong>est,</strong></span> <span class='ocrx_word' id='word_1_136' title='bbox 485 2781 510 2822; x_wconf 87' lang='lat' dir='ltr'><strong>et</strong></span> <span class='ocrx_word' id='word_1_137' title='bbox 520 2782 590 2821; x_wconf 86' lang='lat' dir='ltr'><strong>nocet</strong></span> <span class='ocrx_word' id='word_1_138' title='bbox 599 2771 657 2820; x_wconf 87' lang='lat' dir='ltr'><strong>mihi</strong></span> <span class='ocrx_word' id='word_1_139' title='bbox 668 2771 759 2836; x_wconf 74' lang='lat' dir='ltr'><strong>gloria3</strong></span> <span class='ocrx_word' id='word_1_140' title='bbox 776 2786 831 2835; x_wconf 79' lang='lat' dir='ltr'><strong>qum</strong></span> <span class='ocrx_word' id='word_1_141' title='bbox 841 2771 929 2828; x_wconf 70' lang='lat' dir='ltr'><strong>obeat,</strong></span> <span class='ocrx_word' id='word_1_142' title='bbox 977 2770 1103 2836; x_wconf 72' lang='lat' dir='ltr'><strong>scriptores</strong></span> <span class='ocrx_word' id='word_1_143' title='bbox 1113 2768 1230 2834; x_wconf 84' lang='lat' dir='ltr'><strong>antiquos,</strong></span> <span class='ocrx_word' id='word_1_144' title='bbox 1242 2768 1314 2833; x_wconf 85' lang='lat' dir='ltr'><strong>crrlpa</strong></span> <span class='ocrx_word' id='word_1_145' title='bbox 1321 2766 1478 2822; x_wconf 77' lang='lat' dir='ltr'><strong>librariorum,</strong></span> 
     </span>
     <span class='ocr_line' id='line_1_20' title="bbox 430 2840 1478 2911; baseline -0.008 -15"><span class='ocrx_word' id='word_1_146' title='bbox 430 2863 461 2897; x_wconf 90' lang='lat' dir='ltr'><strong>ne</strong></span> <span class='ocrx_word' id='word_1_147' title='bbox 477 2846 553 2896; x_wconf 84' lang='lat' dir='ltr'><strong>victas</strong></span> <span class='ocrx_word' id='word_1_148' title='bbox 566 2845 610 2895; x_wconf 85' lang='lat' dir='ltr'><strong>tibi</strong></span> <span class='ocrx_word' id='word_1_149' title='bbox 625 2861 710 2894; x_wconf 88' lang='lat' dir='ltr'><strong>manus</strong></span> <span class='ocrx_word' id='word_1_150' title='bbox 719 2843 784 2893; x_wconf 91' lang='lat' dir='ltr'><strong>dem.</strong></span> <span class='ocrx_word' id='word_1_151' title='bbox 802 2854 827 2893; x_wconf 90' lang='lat' dir='ltr'><strong>et</strong></span> <span class='ocrx_word' id='word_1_152' title='bbox 843 2843 930 2893; x_wconf 86' lang='lat' dir='ltr'><strong>melius</strong></span> <span class='ocrx_word' id='word_1_153' title='bbox 978 2844 1020 2910; x_wconf 86' lang='lat' dir='ltr'><strong>qni</strong></span> <span class='ocrx_word' id='word_1_154' title='bbox 1030 2861 1072 2911; x_wconf 85' lang='lat' dir='ltr'><strong>pro</strong></span> <span class='ocrx_word' id='word_1_155' title='bbox 1082 2846 1148 2900; x_wconf 76' lang='lat' dir='ltr'><strong>bivio,</strong></span> <span class='ocrx_word' id='word_1_156' title='bbox 1157 2844 1251 2897; x_wconf 68' lang='lat' dir='ltr'><strong>sirim,</strong></span> <span class='ocrx_word' id='word_1_157' title='bbox 1259 2845 1366 2890; x_wconf 80' lang='lat' dir='ltr'><strong>etuioura</strong></span> <span class='ocrx_word' id='word_1_158' title='bbox 1374 2840 1478 2905; x_wconf 75' lang='lat' dir='ltr'><strong>plerum</strong></span> 
     </span>
     <span class='ocr_line' id='line_1_21' title="bbox 430 2913 1407 2987; baseline -0.007 -17"><span class='ocrx_word' id='word_1_159' title='bbox 430 2921 514 2972; x_wconf 81' lang='lat' dir='ltr'><strong>inisset</strong></span> <span class='ocrx_word' id='word_1_160' title='bbox 524 2936 562 2970; x_wconf 90' lang='lat' dir='ltr'><strong>me</strong></span> <span class='ocrx_word' id='word_1_161' title='bbox 574 2921 626 2987; x_wconf 85' lang='lat' dir='ltr'><strong>jum</strong></span> <span class='ocrx_word' id='word_1_162' title='bbox 639 2919 696 2969; x_wconf 88' lang='lat' dir='ltr'><strong>olim</strong></span> <span class='ocrx_word' id='word_1_163' title='bbox 708 2918 801 2969; x_wconf 75' lang='lat' dir='ltr'><strong>furtivis</strong></span> <span class='ocrx_word' id='word_1_164' title='bbox 810 2917 931 2969; x_wconf 85' lang='lat' dir='ltr'><strong>amoribus</strong></span> <span class='ocrx_word' id='word_1_165' title='bbox 979 2935 1027 2985; x_wconf 89' lang='lat' dir='ltr'><strong>que</strong></span> <span class='ocrx_word' id='word_1_166' title='bbox 1035 2927 1171 2969; x_wconf 83' lang='lat' dir='ltr'><strong>exararunt.</strong></span> <span class='ocrx_word' id='word_1_167' title='bbox 1188 2916 1291 2966; x_wconf 74' lang='lat' dir='ltr'><strong>Remea</strong></span> <span class='ocrx_word' id='word_1_168' title='bbox 1300 2913 1407 2965; x_wconf 69' lang='lat' dir='ltr'><strong>Amasim</strong></span> 
     </span>
     <span class='ocr_line' id='line_1_22' title="bbox 430 2992 1445 3062; baseline -0.008 -17"><span class='ocrx_word' id='word_1_169' title='bbox 430 3004 551 3062; x_wconf 78' lang='lat' dir='ltr'><strong>operatam</strong></span> <span class='ocrx_word' id='word_1_170' title='bbox 562 2994 641 3051; x_wconf 83' lang='lat' dir='ltr'><strong>inisse,</strong></span> <span class='ocrx_word' id='word_1_171' title='bbox 651 3003 676 3042; x_wconf 91' lang='lat' dir='ltr'><strong>et</strong></span> <span class='ocrx_word' id='word_1_172' title='bbox 683 2992 806 3059; x_wconf 78' lang='lat' dir='ltr'><strong>decepisse</strong></span> <span class='ocrx_word' id='word_1_173' title='bbox 816 3008 929 3049; x_wconf 84' lang='lat' dir='ltr'><strong>rumores,</strong></span> <span class='ocrx_word' id='word_1_174' title='bbox 1015 2994 1048 3042; x_wconf 87' lang='lat' dir='ltr'><strong>Ut</strong></span> <span class='ocrx_word' id='word_1_175' title='bbox 1059 2996 1144 3042; x_wconf 82' lang='lat' dir='ltr'><strong>turuia</strong></span> <span class='ocrx_word' id='word_1_176' title='bbox 1154 2995 1212 3042; x_wconf 77' lang='lat' dir='ltr'><strong>licio</strong></span> <span class='ocrx_word' id='word_1_177' title='bbox 1221 2994 1359 3041; x_wconf 64' lang='lat' dir='ltr'><strong>diminuatur</strong></span> <span class='ocrx_word' id='word_1_178' title='bbox 1367 2992 1445 3039; x_wconf 77' lang='lat' dir='ltr'><strong>Assur.</strong></span> 
     </span>
     <span class='ocr_line' id='line_1_23' title="bbox 431 3061 1480 3134; baseline -0.006 -17"><span class='ocrx_word' id='word_1_179' title='bbox 431 3086 490 3134; x_wconf 84' lang='lat' dir='ltr'><strong>quos</strong></span> <span class='ocrx_word' id='word_1_180' title='bbox 500 3069 530 3118; x_wconf 87' lang='lat' dir='ltr'><strong>de</strong></span> <span class='ocrx_word' id='word_1_181' title='bbox 546 3083 600 3116; x_wconf 85' lang='lat' dir='ltr'><strong>mea</strong></span> <span class='ocrx_word' id='word_1_182' title='bbox 609 3067 725 3133; x_wconf 88' lang='lat' dir='ltr'><strong>pudicitia</strong></span> <span class='ocrx_word' id='word_1_183' title='bbox 740 3066 847 3116; x_wconf 86' lang='lat' dir='ltr'><strong>homines</strong></span> <span class='ocrx_word' id='word_1_184' title='bbox 860 3067 930 3116; x_wconf 85' lang='lat' dir='ltr'><strong>diffe·</strong></span> <span class='ocrx_word' id='word_1_185' title='bbox 979 3066 1082 3116; x_wconf 85' lang='lat' dir='ltr'><strong>Videtur</strong></span> <span class='ocrx_word' id='word_1_186' title='bbox 1092 3075 1173 3115; x_wconf 86' lang='lat' dir='ltr'><strong>antem</strong></span> <span class='ocrx_word' id='word_1_187' title='bbox 1189 3065 1302 3129; x_wconf 80' lang='lat' dir='ltr'><strong>adagium</strong></span> <span class='ocrx_word' id='word_1_188' title='bbox 1317 3064 1362 3112; x_wconf 85' lang='lat' dir='ltr'><strong>lroe</strong></span> <span class='ocrx_word' id='word_1_189' title='bbox 1379 3061 1480 3112; x_wconf 73' lang='lat' dir='ltr'><strong>Ovidiu-</strong></span> 
     </span>
     <span class='ocr_line' id='line_1_24' title="bbox 431 3137 1480 3205; baseline -0.006 -14"><span class='ocrx_word' id='word_1_190' title='bbox 431 3143 523 3197; x_wconf 79' lang='lat' dir='ltr'><strong>rebant,</strong></span> <span class='ocrx_word' id='word_1_191' title='bbox 553 3140 695 3205; x_wconf 82' lang='lat' dir='ltr'><strong>fidelemque</strong></span> <span class='ocrx_word' id='word_1_192' title='bbox 727 3138 804 3190; x_wconf 82' lang='lat' dir='ltr'><strong>ritum</strong></span> <span class='ocrx_word' id='word_1_193' title='bbox 834 3140 929 3190; x_wconf 79' lang='lat' dir='ltr'><strong>lusisse.</strong></span> <span class='ocrx_word' id='word_1_194' title='bbox 980 3157 1037 3190; x_wconf 89' lang='lat' dir='ltr'><strong>num</strong></span> <span class='ocrx_word' id='word_1_195' title='bbox 1047 3137 1480 3190; x_wconf 77' lang='lat' dir='ltr'><strong>elludereadbiviumllercnlisl&#39;ro-</strong></span> 
     </span>
     <span class='ocr_line' id='line_1_25' title="bbox 431 3210 1481 3280; baseline -0.003 -16"><span class='ocrx_word' id='word_1_196' title='bbox 431 3230 505 3280; x_wconf 80' lang='lat' dir='ltr'><strong>quere</strong></span> <span class='ocrx_word' id='word_1_197' title='bbox 517 3214 584 3279; x_wconf 81' lang='lat' dir='ltr'><strong>foret</strong></span> <span class='ocrx_word' id='word_1_198' title='bbox 601 3213 700 3262; x_wconf 82' lang='lat' dir='ltr'><strong>retineo.</strong></span> <span class='ocrx_word' id='word_1_199' title='bbox 718 3213 753 3262; x_wconf 85' lang='lat' dir='ltr'><strong>ita</strong></span> <span class='ocrx_word' id='word_1_200' title='bbox 768 3216 843 3263; x_wconf 80' lang='lat' dir='ltr'><strong>asculo</strong></span> <span class='ocrx_word' id='word_1_201' title='bbox 862 3216 930 3263; x_wconf 77' lang='lat' dir='ltr'><strong>verbu</strong></span> <span class='ocrx_word' id='word_1_202' title='bbox 979 3216 1026 3265; x_wconf 89' lang='lat' dir='ltr'><strong>dici</strong></span> <span class='ocrx_word' id='word_1_203' title='bbox 1037 3224 1063 3264; x_wconf 90' lang='lat' dir='ltr'><strong>et</strong></span> <span class='ocrx_word' id='word_1_204' title='bbox 1078 3215 1109 3263; x_wconf 88' lang='lat' dir='ltr'><strong>ad</strong></span> <span class='ocrx_word' id='word_1_205' title='bbox 1125 3214 1215 3263; x_wconf 84' lang='lat' dir='ltr'><strong>bivium</strong></span> <span class='ocrx_word' id='word_1_206' title='bbox 1230 3212 1393 3278; x_wconf 70' lang='lat' dir='ltr'><strong>Pythagorica</strong></span> <span class='ocrx_word' id='word_1_207' title='bbox 1402 3210 1481 3261; x_wconf 73' lang='lat' dir='ltr'><strong>litera</strong></span> 
     </span>
     <span class='ocr_line' id='line_1_26' title="bbox 430 3286 1482 3351; baseline -0.002 -15"><span class='ocrx_word' id='word_1_208' title='bbox 430 3292 496 3336; x_wconf 81' lang='lat' dir='ltr'><strong>dure.</strong></span> <span class='ocrx_word' id='word_1_209' title='bbox 529 3286 722 3351; x_wconf 81' lang='lat' dir='ltr'><strong>Senee.Ep.88.</strong></span> <span class='ocrx_word' id='word_1_210' title='bbox 755 3287 930 3335; x_wconf 80' lang='lat' dir='ltr'><strong>Boaussrrus.</strong></span> <span class='ocrx_word' id='word_1_211' title='bbox 979 3289 1053 3338; x_wconf 82' lang='lat' dir='ltr'><strong>vitam</strong></span> <span class='ocrx_word' id='word_1_212' title='bbox 1067 3288 1194 3336; x_wconf 81' lang='lat' dir='ltr'><strong>humanum</strong></span> <span class='ocrx_word' id='word_1_213' title='bbox 1212 3287 1373 3351; x_wconf 84' lang='lat' dir='ltr'><strong>complexum.</strong></span> <span class='ocrx_word' id='word_1_214' title='bbox 1390 3300 1439 3349; x_wconf 83' lang='lat' dir='ltr'><strong>quo</strong></span> <span class='ocrx_word' id='word_1_215' title='bbox 1453 3294 1482 3334; x_wconf 86' lang='lat' dir='ltr'><strong>et</strong></span> 
     </span>
     <span class='ocr_line' id='line_1_27' title="bbox 435 3358 1198 3428; baseline 0.003 -21"><span class='ocrx_word' id='word_1_216' title='bbox 435 3361 507 3410; x_wconf 75' lang='lat' dir='ltr'><strong>Verba</strong></span> <span class='ocrx_word' id='word_1_217' title='bbox 536 3363 601 3417; x_wconf 84' lang='lat' dir='ltr'><strong>durs,</strong></span> <span class='ocrx_word' id='word_1_218' title='bbox 633 3359 735 3425; x_wconf 87' lang='lat' dir='ltr'><strong>primurn</strong></span> <span class='ocrx_word' id='word_1_219' title='bbox 764 3358 861 3425; x_wconf 89' lang='lat' dir='ltr'><strong>quidem</strong></span> <span class='ocrx_word' id='word_1_220' title='bbox 894 3367 930 3407; x_wconf 69' lang='lat' dir='ltr'><strong>ert</strong></span> <span class='ocrx_word' id='word_1_221' title='bbox 980 3361 1082 3428; x_wconf 81' lang='lat' dir='ltr'><strong>respexit</strong></span> <span class='ocrx_word' id='word_1_222' title='bbox 1095 3360 1198 3417; x_wconf 82' lang='lat' dir='ltr'><strong>Persius,</strong></span> 
     </span>
     <span class='ocr_line' id='line_1_28' title="bbox 432 3432 1483 3500; baseline -0.003 -17"><span class='ocrx_word' id='word_1_223' title='bbox 432 3438 508 3492; x_wconf 81' lang='lat' dir='ltr'><strong>aurbu,</strong></span> <span class='ocrx_word' id='word_1_224' title='bbox 525 3449 568 3500; x_wconf 91' lang='lat' dir='ltr'><strong>pro</strong></span> <span class='ocrx_word' id='word_1_225' title='bbox 585 3436 652 3482; x_wconf 80' lang='lat' dir='ltr'><strong>redut</strong></span> <span class='ocrx_word' id='word_1_226' title='bbox 666 3432 737 3493; x_wconf 84' lang='lat' dir='ltr'><strong>dare;</strong></span> <span class='ocrx_word' id='word_1_227' title='bbox 752 3432 871 3498; x_wconf 84' lang='lat' dir='ltr'><strong>promissis</strong></span> <span class='ocrx_word' id='word_1_228' title='bbox 885 3432 930 3481; x_wconf 76' lang='lat' dir='ltr'><strong>tat-</strong></span> <span class='ocrx_word' id='word_1_229' title='bbox 1013 3435 1090 3483; x_wconf 80' lang='lat' dir='ltr'><strong>Furta</strong></span> <span class='ocrx_word' id='word_1_230' title='bbox 1104 3451 1161 3496; x_wconf 83' lang='lat' dir='ltr'><strong>poro</strong></span> <span class='ocrx_word' id='word_1_231' title='bbox 1171 3435 1224 3482; x_wconf 79' lang='lat' dir='ltr'><strong>belli</strong></span> <span class='ocrx_word' id='word_1_232' title='bbox 1238 3450 1334 3482; x_wconf 77' lang='lat' dir='ltr'><strong>munero</strong></span> <span class='ocrx_word' id='word_1_233' title='bbox 1351 3434 1377 3480; x_wconf 84' lang='lat' dir='ltr'><strong>irs</strong></span> <span class='ocrx_word' id='word_1_234' title='bbox 1387 3434 1483 3481; x_wconf 77' lang='lat' dir='ltr'><strong>tramite</strong></span> 
     </span>
     <span class='ocr_line' id='line_1_29' title="bbox 431 3506 1112 3572; baseline 0 -15"><span class='ocrx_word' id='word_1_235' title='bbox 431 3509 494 3559; x_wconf 84' lang='lat' dir='ltr'><strong>lere:</strong></span> <span class='ocrx_word' id='word_1_236' title='bbox 521 3507 616 3564; x_wconf 84' lang='lat' dir='ltr'><strong>deinde.</strong></span> <span class='ocrx_word' id='word_1_237' title='bbox 636 3506 744 3556; x_wconf 85' lang='lat' dir='ltr'><strong>universe</strong></span> <span class='ocrx_word' id='word_1_238' title='bbox 762 3508 859 3572; x_wconf 79' lang='lat' dir='ltr'><strong>fallere,</strong></span> <span class='ocrx_word' id='word_1_239' title='bbox 880 3515 930 3555; x_wconf 84' lang='lat' dir='ltr'><strong>tam</strong></span> <span class='ocrx_word' id='word_1_240' title='bbox 1043 3510 1112 3563; x_wconf 64' lang='lat' dir='ltr'><strong>aloe,</strong></span> 
     </span>
     <span class='ocr_line' id='line_1_30' title="bbox 432 3580 1485 3645; baseline 0.001 -16"><span class='ocrx_word' id='word_1_241' title='bbox 432 3585 498 3632; x_wconf 76' lang='lat' dir='ltr'><strong>relus</strong></span> <span class='ocrx_word' id='word_1_242' title='bbox 515 3592 540 3631; x_wconf 87' lang='lat' dir='ltr'><strong>et</strong></span> <span class='ocrx_word' id='word_1_243' title='bbox 555 3582 632 3639; x_wconf 75' lang='lat' dir='ltr'><strong>iactis,</strong></span> <span class='ocrx_word' id='word_1_244' title='bbox 648 3597 720 3645; x_wconf 88' lang='lat' dir='ltr'><strong>quam</strong></span> <span class='ocrx_word' id='word_1_245' title='bbox 738 3584 826 3641; x_wconf 55' lang='lat' dir='ltr'><strong>verbim</strong></span> <span class='ocrx_word' id='word_1_246' title='bbox 843 3580 931 3630; x_wconf 82' lang='lat' dir='ltr'><strong>eximie</strong></span> <span class='ocrx_word' id='word_1_247' title='bbox 1016 3581 1049 3630; x_wconf 86' lang='lat' dir='ltr'><strong>Ut</strong></span> <span class='ocrx_word' id='word_1_248' title='bbox 1075 3584 1146 3630; x_wconf 76' lang='lat' dir='ltr'><strong>biuios</strong></span> <span class='ocrx_word' id='word_1_249' title='bbox 1169 3591 1258 3631; x_wconf 77' lang='lat' dir='ltr'><strong>umato</strong></span> <span class='ocrx_word' id='word_1_250' title='bbox 1284 3582 1382 3629; x_wconf 66' lang='lat' dir='ltr'><strong>oman</strong></span> <span class='ocrx_word' id='word_1_251' title='bbox 1408 3582 1485 3630; x_wconf 70' lang='lat' dir='ltr'><strong>milite</strong></span> 
     </span>
     <span class='ocr_line' id='line_1_31' title="bbox 433 3655 1130 3721; baseline -0.001 -15"><span class='ocrx_word' id='word_1_252' title='bbox 433 3657 530 3706; x_wconf 87' lang='lat' dir='ltr'><strong>latendo</strong></span> <span class='ocrx_word' id='word_1_253' title='bbox 540 3655 632 3705; x_wconf 78' lang='lat' dir='ltr'><strong>fallere.</strong></span> <span class='ocrx_word' id='word_1_254' title='bbox 666 3656 779 3705; x_wconf 75' lang='lat' dir='ltr'><strong>Lmrrrar.</strong></span> <span class='ocrx_word' id='word_1_255' title='bbox 1036 3656 1130 3721; x_wconf 77' lang='lat' dir='ltr'><strong>fauces.</strong></span> 
     </span>
    </p>

    <p class='ocr_par' dir='ltr' id='par_1_6' title="bbox 434 3727 1509 4076">
     <span class='ocr_line' id='line_1_32' title="bbox 467 3727 1484 3793; baseline -0.001 -14"><span class='ocrx_word' id='word_1_256' title='bbox 467 3731 524 3779; x_wconf 76' lang='lat'><strong>174.</strong></span> <span class='ocrx_word' id='word_1_257' title='bbox 543 3729 625 3777; x_wconf 80' lang='lat' dir='ltr'><strong>Forma</strong></span> <span class='ocrx_word' id='word_1_258' title='bbox 642 3731 721 3777; x_wconf 84' lang='lat' dir='ltr'><strong>timere</strong></span> <span class='ocrx_word' id='word_1_259' title='bbox 726 3729 813 3793; x_wconf 68' lang='lat' dir='ltr'><strong>jacit]</strong></span> <span class='ocrx_word' id='word_1_260' title='bbox 832 3727 932 3777; x_wconf 71' lang='lat' dir='ltr'><strong>locutio</strong></span> <span class='ocrx_word' id='word_1_261' title='bbox 982 3731 1010 3779; x_wconf 87' lang='lat' dir='ltr'><strong>ln</strong></span> <span class='ocrx_word' id='word_1_262' title='bbox 1022 3733 1089 3779; x_wconf 85' lang='lat' dir='ltr'><strong>triuio</strong></span> <span class='ocrx_word' id='word_1_263' title='bbox 1099 3733 1237 3780; x_wconf 82' lang='lat' dir='ltr'><strong>mastitutua</strong></span> <span class='ocrx_word' id='word_1_264' title='bbox 1246 3728 1342 3785; x_wconf 84' lang='lat' dir='ltr'><strong>dicitur,</strong></span> <span class='ocrx_word' id='word_1_265' title='bbox 1352 3727 1484 3793; x_wconf 78' lang='lat' dir='ltr'><strong>quiincer·</strong></span> 
     </span>
     <span class='ocr_line' id='line_1_33' title="bbox 434 3802 1483 3877; baseline -0.002 -23"><span class='ocrx_word' id='word_1_266' title='bbox 434 3821 449 3854; x_wconf 86' lang='lat' dir='ltr'><strong>u</strong></span> <span class='ocrx_word' id='word_1_267' title='bbox 459 3804 540 3853; x_wconf 74' lang='lat' dir='ltr'><strong>Poetis</strong></span> <span class='ocrx_word' id='word_1_268' title='bbox 548 3802 736 3867; x_wconf 76' lang='lat' dir='ltr'><strong>frequentissime</strong></span> <span class='ocrx_word' id='word_1_269' title='bbox 746 3811 870 3877; x_wconf 83' lang='lat' dir='ltr'><strong>usurpata:</strong></span> <span class='ocrx_word' id='word_1_270' title='bbox 884 3803 932 3856; x_wconf 84' lang='lat' dir='ltr'><strong>Qui</strong></span> <span class='ocrx_word' id='word_1_271' title='bbox 981 3814 1020 3855; x_wconf 89' lang='lat' dir='ltr'><strong>tus</strong></span> <span class='ocrx_word' id='word_1_272' title='bbox 1030 3815 1076 3854; x_wconf 87' lang='lat' dir='ltr'><strong>cst.</strong></span> <span class='ocrx_word' id='word_1_273' title='bbox 1093 3805 1142 3855; x_wconf 83' lang='lat' dir='ltr'><strong>vid.</strong></span> <span class='ocrx_word' id='word_1_274' title='bbox 1152 3804 1260 3860; x_wconf 86' lang='lat' dir='ltr'><strong>Snidanr,</strong></span> <span class='ocrx_word' id='word_1_275' title='bbox 1270 3803 1316 3854; x_wconf 79' lang='grc' dir='ltr'><strong>Ἔν</strong></span> <span class='ocrx_word' id='word_1_276' title='bbox 1325 3802 1411 3870; x_wconf 69' lang='grc' dir='ltr'><strong>τριόδῳ</strong></span> <span class='ocrx_word' id='word_1_277' title='bbox 1421 3804 1483 3870; x_wconf 74' lang='lat' dir='ltr'><strong>alpi.</strong></span> 
     </span>
     <span class='ocr_line' id='line_1_34' title="bbox 434 3876 1486 3929; baseline 0.003 -3"><span class='ocrx_word' id='word_1_278' title='bbox 434 3881 485 3926; x_wconf 82' lang='lat' dir='ltr'><strong>auti</strong></span> <span class='ocrx_word' id='word_1_279' title='bbox 499 3894 534 3927; x_wconf 82' lang='lat' dir='ltr'><strong>ms</strong></span> <span class='ocrx_word' id='word_1_280' title='bbox 550 3894 626 3925; x_wconf 78' lang='lat' dir='ltr'><strong>aarum</strong></span> <span class='ocrx_word' id='word_1_281' title='bbox 642 3893 735 3924; x_wconf 72' lang='lat' dir='ltr'><strong>cerame</strong></span> <span class='ocrx_word' id='word_1_282' title='bbox 753 3878 823 3925; x_wconf 60' lang='lat' dir='ltr'><strong>laura</strong></span> <span class='ocrx_word' id='word_1_283' title='bbox 839 3876 932 3925; x_wconf 77' lang='lat' dir='ltr'><strong>Fecisti.</strong></span> <span class='ocrx_word' id='word_1_284' title='bbox 982 3878 1112 3928; x_wconf 77' lang='lat' dir='ltr'><strong>Herseros.</strong></span> <span class='ocrx_word' id='word_1_285' title='bbox 1145 3879 1208 3927; x_wconf 87' lang='lat' dir='ltr'><strong>Mihi</strong></span> <span class='ocrx_word' id='word_1_286' title='bbox 1229 3886 1312 3928; x_wconf 82' lang='lat' dir='ltr'><strong>eontra</strong></span> <span class='ocrx_word' id='word_1_287' title='bbox 1331 3878 1401 3927; x_wconf 84' lang='lat' dir='ltr'><strong>libror</strong></span> <span class='ocrx_word' id='word_1_288' title='bbox 1422 3879 1486 3929; x_wconf 84' lang='lat' dir='ltr'><strong>nihil</strong></span> 
     </span>
     <span class='ocr_line' id='line_1_35' title="bbox 435 3948 1485 4017; baseline 0.003 -18"><span class='ocrx_word' id='word_1_289' title='bbox 435 3951 504 4015; x_wconf 73' lang='lat' dir='ltr'><strong>virg.</strong></span> <span class='ocrx_word' id='word_1_290' title='bbox 516 3950 561 4000; x_wconf 91' lang='lat' dir='ltr'><strong>lib.</strong></span> <span class='ocrx_word' id='word_1_291' title='bbox 570 3949 598 3998; x_wconf 89' lang='lat' dir='ltr'><strong>ii.</strong></span> <span class='ocrx_word' id='word_1_292' title='bbox 611 3949 640 3997; x_wconf 90' lang='lat' dir='ltr'><strong>ln</strong></span> <span class='ocrx_word' id='word_1_293' title='bbox 650 3965 720 4014; x_wconf 85' lang='lat' dir='ltr'><strong>prosa</strong></span> <span class='ocrx_word' id='word_1_294' title='bbox 728 3949 854 4007; x_wconf 88' lang='lat' dir='ltr'><strong>diceretur,</strong></span> <span class='ocrx_word' id='word_1_295' title='bbox 866 3948 932 4007; x_wconf 82' lang='lat' dir='ltr'><strong>iacit,</strong></span> <span class='ocrx_word' id='word_1_296' title='bbox 983 3951 1022 4003; x_wconf 89' lang='lat' dir='ltr'><strong>hic</strong></span> <span class='ocrx_word' id='word_1_297' title='bbox 1040 3953 1181 4002; x_wconf 73' lang='lat' dir='ltr'><strong>mumadam</strong></span> <span class='ocrx_word' id='word_1_298' title='bbox 1196 3951 1300 4001; x_wconf 83' lang='lat' dir='ltr'><strong>videtur.</strong></span> <span class='ocrx_word' id='word_1_299' title='bbox 1333 3952 1411 4017; x_wconf 83' lang='lat' dir='ltr'><strong>Epist.</strong></span> <span class='ocrx_word' id='word_1_300' title='bbox 1430 3952 1485 4002; x_wconf 80' lang='lat' dir='ltr'><strong>xix.</strong></span> 
     </span>
     <span class='ocr_line' id='line_1_36' title="bbox 434 4018 1509 4076; baseline 0.004 -3"><span class='ocrx_word' id='word_1_301' title='bbox 434 4034 462 4074; x_wconf 90' lang='lat' dir='ltr'><strong>ut</strong></span> <span class='ocrx_word' id='word_1_302' title='bbox 472 4023 562 4073; x_wconf 83' lang='lat' dir='ltr'><strong>timeat.</strong></span> <span class='ocrx_word' id='word_1_303' title='bbox 595 4022 666 4072; x_wconf 85' lang='lat' dir='ltr'><strong>Cror.</strong></span> <span class='ocrx_word' id='word_1_304' title='bbox 987 4027 1040 4076; x_wconf 78' lang='lat'><strong>1⁷⁴.</strong></span> <span class='ocrx_word' id='word_1_305' title='bbox 1502 4018 1509 4031; x_wconf 65' lang='lat'><strong>⁴</strong></span> 
     </span>
    </p>

    <p class='ocr_par' dir='ltr' id='par_1_7' title="bbox 397 4096 1490 4603">
     <span class='ocr_line' id='line_1_37' title="bbox 470 4096 1330 4164; baseline -0.002 -18"><span class='ocrx_word' id='word_1_306' title='bbox 470 4099 526 4147; x_wconf 80' lang='lat'><strong>17⁷.</strong></span> <span class='ocrx_word' id='word_1_307' title='bbox 545 4097 633 4146; x_wconf 66' lang='lat' dir='ltr'><strong>emera</strong></span> <span class='ocrx_word' id='word_1_308' title='bbox 651 4096 779 4159; x_wconf 60' lang='lat' dir='ltr'><strong>uolantum]</strong></span> <span class='ocrx_word' id='word_1_309' title='bbox 799 4096 935 4145; x_wconf 80' lang='lat' dir='ltr'><strong>Puteanem</strong></span> <span class='ocrx_word' id='word_1_310' title='bbox 1018 4102 1080 4155; x_wconf 66' lang='lat' dir='ltr'><strong>Quid</strong></span> <span class='ocrx_word' id='word_1_311' title='bbox 1090 4118 1169 4164; x_wconf 63' lang='lat' dir='ltr'><strong>„quar</strong></span> <span class='ocrx_word' id='word_1_312' title='bbox 1176 4104 1202 4149; x_wconf 69' lang='lat' dir='ltr'><strong>iu</strong></span> <span class='ocrx_word' id='word_1_313' title='bbox 1211 4101 1280 4150; x_wconf 70' lang='lat' dir='ltr'><strong>datie</strong></span> <span class='ocrx_word' id='word_1_314' title='bbox 1289 4109 1330 4149; x_wconf 75' lang='lat' dir='ltr'><strong>aar.</strong></span> 
     </span>
     <span class='ocr_line' id='line_1_38' title="bbox 397 4170 1486 4238; baseline 0.001 -16"><span class='ocrx_word' id='word_1_315' title='bbox 397 4178 400 4185; x_wconf 77' lang='lat'><strong><em>‘</em></strong></span> <span class='ocrx_word' id='word_1_316' title='bbox 436 4182 461 4222; x_wconf 85' lang='lat' dir='ltr'><strong>et</strong></span> <span class='ocrx_word' id='word_1_317' title='bbox 473 4190 555 4222; x_wconf 89' lang='lat' dir='ltr'><strong>omnes</strong></span> <span class='ocrx_word' id='word_1_318' title='bbox 567 4171 616 4221; x_wconf 81' lang='lat' dir='ltr'><strong>iere</strong></span> <span class='ocrx_word' id='word_1_319' title='bbox 626 4171 707 4237; x_wconf 89' lang='lat' dir='ltr'><strong>scripti</strong></span> <span class='ocrx_word' id='word_1_320' title='bbox 717 4174 827 4234; x_wconf 78' lang='lat' dir='ltr'><strong>uoluptar.</strong></span> <span class='ocrx_word' id='word_1_321' title='bbox 843 4170 886 4219; x_wconf 90' lang='lat' dir='ltr'><strong>sed</strong></span> <span class='ocrx_word' id='word_1_322' title='bbox 896 4188 934 4219; x_wconf 83' lang='lat' dir='ltr'><strong>vo·</strong></span> <span class='ocrx_word' id='word_1_323' title='bbox 984 4175 1016 4222; x_wconf 86' lang='lat' dir='ltr'><strong>Et</strong></span> <span class='ocrx_word' id='word_1_324' title='bbox 1024 4174 1084 4223; x_wconf 85' lang='lat' dir='ltr'><strong>illud</strong></span> <span class='ocrx_word' id='word_1_325' title='bbox 1101 4176 1185 4222; x_wconf 78' lang='lat' dir='ltr'><strong>tioium</strong></span> <span class='ocrx_word' id='word_1_326' title='bbox 1195 4173 1313 4238; x_wconf 84' lang='lat' dir='ltr'><strong>quomodo</strong></span> <span class='ocrx_word' id='word_1_327' title='bbox 1329 4188 1384 4221; x_wconf 81' lang='lat' dir='ltr'><strong>eum</strong></span> <span class='ocrx_word' id='word_1_328' title='bbox 1401 4175 1439 4238; x_wconf 69' lang='lat' dir='ltr'><strong>rui</strong></span> <span class='ocrx_word' id='word_1_329' title='bbox 1448 4175 1486 4222; x_wconf 83' lang='lat' dir='ltr'><strong>lu-</strong></span> 
     </span>
     <span class='ocr_line' id='line_1_39' title="bbox 437 4245 1487 4312; baseline 0.002 -18"><span class='ocrx_word' id='word_1_330' title='bbox 437 4249 515 4294; x_wconf 81' lang='lat' dir='ltr'><strong>luutar</strong></span> <span class='ocrx_word' id='word_1_331' title='bbox 522 4245 705 4312; x_wconf 75' lang='lat' dir='ltr'><strong>legendumJ&#39;am</strong></span> <span class='ocrx_word' id='word_1_332' title='bbox 714 4245 859 4295; x_wconf 80' lang='lat' dir='ltr'><strong>liubertinus</strong></span> <span class='ocrx_word' id='word_1_333' title='bbox 868 4245 935 4294; x_wconf 87' lang='lat' dir='ltr'><strong>vidit.</strong></span> <span class='ocrx_word' id='word_1_334' title='bbox 984 4251 1039 4297; x_wconf 81' lang='lat' dir='ltr'><strong>bont</strong></span> <span class='ocrx_word' id='word_1_335' title='bbox 1050 4248 1177 4298; x_wconf 87' lang='lat' dir='ltr'><strong>consistere</strong></span> <span class='ocrx_word' id='word_1_336' title='bbox 1188 4253 1269 4312; x_wconf 81' lang='lat' dir='ltr'><strong>possit,</strong></span> <span class='ocrx_word' id='word_1_337' title='bbox 1278 4263 1326 4296; x_wconf 87' lang='lat' dir='ltr'><strong>non</strong></span> <span class='ocrx_word' id='word_1_338' title='bbox 1336 4246 1414 4296; x_wconf 85' lang='lat' dir='ltr'><strong>video.</strong></span> <span class='ocrx_word' id='word_1_339' title='bbox 1435 4248 1487 4297; x_wconf 90' lang='lat' dir='ltr'><strong>Te-</strong></span> 
     </span>
     <span class='ocr_line' id='line_1_40' title="bbox 437 4318 1489 4372; baseline 0.005 -6"><span class='ocrx_word' id='word_1_340' title='bbox 437 4318 577 4367; x_wconf 86' lang='lat' dir='ltr'><strong>menseninr</strong></span> <span class='ocrx_word' id='word_1_341' title='bbox 595 4329 619 4366; x_wconf 86' lang='lat' dir='ltr'><strong>et</strong></span> <span class='ocrx_word' id='word_1_342' title='bbox 634 4320 743 4369; x_wconf 80' lang='lat' dir='ltr'><strong>voluntas</strong></span> <span class='ocrx_word' id='word_1_343' title='bbox 752 4320 852 4369; x_wconf 80' lang='lat' dir='ltr'><strong>Helenae</strong></span> <span class='ocrx_word' id='word_1_344' title='bbox 862 4320 937 4370; x_wconf 82' lang='lat' dir='ltr'><strong>dubia</strong></span> <span class='ocrx_word' id='word_1_345' title='bbox 984 4332 1046 4372; x_wconf 84' lang='lat' dir='ltr'><strong>rent.</strong></span> <span class='ocrx_word' id='word_1_346' title='bbox 1063 4321 1140 4371; x_wconf 82' lang='lat' dir='ltr'><strong>Andr.</strong></span> <span class='ocrx_word' id='word_1_347' title='bbox 1151 4322 1169 4370; x_wconf 89' lang='lat' dir='ltr'><strong>i.</strong></span> <span class='ocrx_word' id='word_1_348' title='bbox 1189 4337 1215 4369; x_wconf 82' lang='lat' dir='ltr'><strong>v.</strong></span> <span class='ocrx_word' id='word_1_349' title='bbox 1230 4322 1256 4370; x_wconf 79' lang='grc'><strong>3.</strong></span> <span class='ocrx_word' id='word_1_350' title='bbox 1275 4322 1338 4369; x_wconf 77' lang='lat' dir='ltr'><strong>Dum</strong></span> <span class='ocrx_word' id='word_1_351' title='bbox 1354 4325 1446 4370; x_wconf 75' lang='lat' dir='ltr'><strong>errimus</strong></span> <span class='ocrx_word' id='word_1_352' title='bbox 1460 4325 1489 4371; x_wconf 80' lang='lat' dir='ltr'><strong>ira</strong></span> 
     </span>
     <span class='ocr_line' id='line_1_41' title="bbox 437 4391 1490 4459; baseline 0.005 -20"><span class='ocrx_word' id='word_1_353' title='bbox 437 4399 496 4445; x_wconf 86' lang='lat' dir='ltr'><strong>erat.</strong></span> <span class='ocrx_word' id='word_1_354' title='bbox 504 4406 548 4439; x_wconf 90' lang='lat' dir='ltr'><strong>nec</strong></span> <span class='ocrx_word' id='word_1_355' title='bbox 558 4391 616 4440; x_wconf 85' lang='lat' dir='ltr'><strong>satis</strong></span> <span class='ocrx_word' id='word_1_356' title='bbox 626 4392 705 4442; x_wconf 87' lang='lat' dir='ltr'><strong>adhuc</strong></span> <span class='ocrx_word' id='word_1_357' title='bbox 715 4392 856 4443; x_wconf 83' lang='lat' dir='ltr'><strong>deliberata.</strong></span> <span class='ocrx_word' id='word_1_358' title='bbox 874 4394 936 4442; x_wconf 84' lang='lat' dir='ltr'><strong>Gra·</strong></span> <span class='ocrx_word' id='word_1_359' title='bbox 984 4398 1053 4445; x_wconf 76' lang='lat' dir='ltr'><strong>dubio</strong></span> <span class='ocrx_word' id='word_1_360' title='bbox 1062 4406 1102 4451; x_wconf 81' lang='lat' dir='ltr'><strong>est,</strong></span> <span class='ocrx_word' id='word_1_361' title='bbox 1111 4398 1192 4459; x_wconf 77' lang='lat' dir='ltr'><strong>paullo</strong></span> <span class='ocrx_word' id='word_1_362' title='bbox 1201 4405 1309 4444; x_wconf 77' lang='lat' dir='ltr'><strong>momento</strong></span> <span class='ocrx_word' id='word_1_363' title='bbox 1319 4397 1363 4443; x_wconf 80' lang='lat' dir='ltr'><strong>lue</strong></span> <span class='ocrx_word' id='word_1_364' title='bbox 1374 4396 1410 4443; x_wconf 76' lang='lat' dir='ltr'><strong>sul</strong></span> <span class='ocrx_word' id='word_1_365' title='bbox 1426 4398 1490 4444; x_wconf 78' lang='lat' dir='ltr'><strong>illue</strong></span> 
     </span>
     <span class='ocr_line' id='line_1_42' title="bbox 438 4462 1490 4533; baseline 0.007 -21"><span class='ocrx_word' id='word_1_366' title='bbox 438 4462 495 4512; x_wconf 88' lang='lat' dir='ltr'><strong>tius.</strong></span> <span class='ocrx_word' id='word_1_367' title='bbox 505 4465 563 4512; x_wconf 75' lang='lat'><strong>259.</strong></span> <span class='ocrx_word' id='word_1_368' title='bbox 583 4465 667 4514; x_wconf 79' lang='lat' dir='ltr'><strong>Tomara</strong></span> <span class='ocrx_word' id='word_1_369' title='bbox 678 4469 724 4515; x_wconf 77' lang='lat' dir='ltr'><strong>iure</strong></span> <span class='ocrx_word' id='word_1_370' title='bbox 734 4479 812 4517; x_wconf 81' lang='lat' dir='ltr'><strong>eructu</strong></span> <span class='ocrx_word' id='word_1_371' title='bbox 824 4471 936 4516; x_wconf 65' lang='lat' dir='ltr'><strong>uolumus.</strong></span> <span class='ocrx_word' id='word_1_372' title='bbox 985 4472 1120 4533; x_wconf 68' lang='lat' dir='ltr'><strong>impellitur.</strong></span> <span class='ocrx_word' id='word_1_373' title='bbox 1139 4470 1179 4517; x_wconf 88' lang='lat' dir='ltr'><strong>ubi</strong></span> <span class='ocrx_word' id='word_1_374' title='bbox 1190 4472 1276 4532; x_wconf 81' lang='lat' dir='ltr'><strong>impelli</strong></span> <span class='ocrx_word' id='word_1_375' title='bbox 1285 4469 1356 4526; x_wconf 86' lang='lat' dir='ltr'><strong>idem,</strong></span> <span class='ocrx_word' id='word_1_376' title='bbox 1367 4469 1433 4533; x_wconf 86' lang='lat' dir='ltr'><strong>quod</strong></span> <span class='ocrx_word' id='word_1_377' title='bbox 1446 4468 1490 4519; x_wconf 83' lang='lat' dir='ltr'><strong>hic</strong></span> 
     </span>
     <span class='ocr_line' id='line_1_43' title="bbox 438 4540 1192 4603; baseline 0.008 -16"><span class='ocrx_word' id='word_1_378' title='bbox 438 4552 494 4587; x_wconf 82' lang='lat' dir='ltr'><strong>nam</strong></span> <span class='ocrx_word' id='word_1_379' title='bbox 511 4546 589 4588; x_wconf 74' lang='lat' dir='ltr'><strong>eructa</strong></span> <span class='ocrx_word' id='word_1_380' title='bbox 608 4540 701 4603; x_wconf 79' lang='lat' dir='ltr'><strong>propria</strong></span> <span class='ocrx_word' id='word_1_381' title='bbox 721 4543 745 4590; x_wconf 93' lang='lat' dir='ltr'><strong>in</strong></span> <span class='ocrx_word' id='word_1_382' title='bbox 764 4542 808 4591; x_wconf 81' lang='lat' dir='ltr'><strong>liae</strong></span> <span class='ocrx_word' id='word_1_383' title='bbox 830 4558 855 4591; x_wconf 88' lang='lat' dir='ltr'><strong>re</strong></span> <span class='ocrx_word' id='word_1_384' title='bbox 873 4558 916 4591; x_wconf 83' lang='lat' dir='ltr'><strong>vor</strong></span> <span class='ocrx_word' id='word_1_385' title='bbox 928 4559 936 4601; x_wconf 88' lang='lat'>;</span> <span class='ocrx_word' id='word_1_386' title='bbox 986 4544 1070 4593; x_wconf 76' lang='lat' dir='ltr'><strong>lature.</strong></span> <span class='ocrx_word' id='word_1_387' title='bbox 1104 4545 1192 4594; x_wconf 77' lang='lat' dir='ltr'><strong>Bran.</strong></span> 
     </span>
    </p>
   </div>
   <div class='ocr_carea' id='block_1_5' title="bbox 0 0 1833 5925">
    <p class='ocr_par' dir='ltr' id='par_1_8' title="bbox 0 0 1833 5925">
     <span class='ocr_line' id='line_1_44' title="bbox 0 0 1833 5925; baseline 0 0"><span class='ocrx_word' id='word_1_388' title='bbox 0 0 1833 5925; x_wconf 95' lang='lat' dir='ltr'><strong> </strong></span> 
     </span>
    </p>
   </div>
  </div>
 </body>
</html>
