3600 5925
801 781 913 845 VITA.
1343 787 1384 846 vii

387 947 494 1013 Natus
508 960 558 1013 est
571 960 678 1013 autern
699 948 807 1014 Hirtio
826 961 859 1013 et
877 948 985 1013 Pansa
1003 949 1094 1014 Coss.
1110 952 1165 1035 qui
1180 950 1266 1016 bello
1280 951 1384 1016 Anto·

343 1050 438 1236 ιιιῖίιαθῐὲ)
452 1051 541 1217 :pud
556 1050 715 1116 Mutinam
732 1053 867 1137 peremti
887 1063 972 1127 sunt,
988 1061 1023 1115 ut
1038 1052 1106 1136 ipse
1121 1053 1153 1115 in
1168 1052 1208 1116 iv.
1225 1053 1267 1118 de
1281 1052 1381 1117 Trist.

421 1355 529 1416 Editus
541 1357 609 1417 hiac
621 1379 674 1436 ego
686 1378 761 1427 sam,
776 1379 829 1417 nec
842 1379 909 1427 non,
922 1370 956 1416 ut
970 1369 1098 1436 tempora
1111 1359 1197 1426 noris,

459 1450 534 1509 Cum
547 1451 651 1512 cecidit
664 1452 725 1512 fato
736 1452 834 1512 consul
847 1463 969 1531 uterque
981 1454 1052 1531 pari.

386 1662 468 1727 Cum
489 1672 596 1727 autem
618 1662 734 1728 Romae
754 1684 820 1726 una
840 1683 913 1727 cum
938 1663 1036 1728 fratre
1061 1665 1121 1728 sub
1146 1662 1325 1728 clarissimis
1349 1674 1383 1728 et

343 1764 554 1849 grammaticis
573 1774 608 1828 et
626 1763 810 1828 rhetoribus
829 1761 1000 1848 plurimum
1017 1763 1221 1848 profecissem
1244 1763 1381 1849 legibus,

343 1875 478 1950 cogente
492 1876 596 1949 patre,
611 1864 667 1948 qui
682 1863 888 1927 humanitatis
903 1864 1009 1928 studia
1028 1863 1150 1928 inutilia
1168 1885 1238 1928 esse
1252 1876 1383 1929 conten·

343 1968 452 2045 debat,
468 1968 567 2052 coepit
581 1967 776 2042 incumbere,
791 1977 825 2030 et
845 1964 983 2050 profecit
1002 1964 1138 2050 legibus,
1154 1977 1188 2029 et
1206 1964 1382 2030 bonoribus

342 2070 470 2133 structus
484 2080 543 2133 est.
581 2067 649 2132 Sed
660 2088 732 2131 cum
747 2065 852 2130 forum
866 2065 1062 2150 displiceret,
1078 2067 1166 2148 quod
1181 2078 1267 2131 esset
1280 2067 1382 2151 majus

343 2192 423 2235 onus
444 2171 514 2255 ejus
535 2169 666 2246 viribus,
687 2167 799 2232 relicta
817 2169 906 2232 curia
924 2178 958 2232 et
976 2167 1032 2231 lati
1051 2166 1131 2232 clavi
1152 2169 1316 2246 servitute,
1339 2168 1382 2232 ad

342 2273 570 2337 mansuetiores
581 2294 686 2336 musas
697 2271 807 2346 rediit3
825 2270 1003 2355 poetasque
1014 2291 1123 2334 omnes
1134 2268 1217 2333 illius
1229 2270 1382 2355 temporis

342 2385 419 2438 natu
433 2374 570 2458 majores
585 2372 712 2438 assidue
732 2371 841 2449 coluit,
857 2384 955 2457 atque
974 2394 994 2436 a
1012 2372 1187 2437 minoribus
1205 2394 1299 2458 aeque
1315 2372 1382 2438 cul·

341 2486 393 2540 tus
414 2476 484 2562 ipse
505 2485 564 2540 est.
609 2473 694 2549 Quae
716 2476 821 2539 omnia
842 2476 875 2538 in
896 2476 937 2538 iv.
954 2474 996 2539 de
1017 2473 1118 2538 Trist.
1143 2472 1237 2559 Eleg.
1261 2497 1294 2538 x.
1317 2470 1382 2539 ele·

342 2577 524 2662 gratissime
541 2576 660 2640 scribit.

384 2678 550 2763 Benignus
564 2679 660 2742 etiam
673 2676 756 2741 adeo
772 2676 843 2754 fuit,
859 2687 896 2741 ut
910 2675 1015 2741 nulius
1029 2695 1169 2760 unquam
1183 2699 1276 2762 opus,
1292 2678 1381 2762 quod

341 2781 410 2865 ipse
431 2791 665 2864 composuerat,
687 2779 852 2863 carpserit.
898 2778 999 2851 Quod
1021 2780 1067 2843 sic
1094 2779 1162 2863 ipse
1191 2789 1327 2844 testatur
1346 2781 1380 2845 in

340 2882 381 2945 iv.
398 2882 441 2947 de
455 2881 556 2946 Triat.
574 2880 669 2966 Eleg.
686 2902 727 2944 x:

417 3085 449 3143 N
449 3106 492 3155 ec,
505 3086 555 3164 qui
568 3085 710 3146 detrectat
722 3087 883 3165 prasentia,
897 3086 969 3146 livor
981 3087 1080 3166 iniquo

456 3180 557 3240 Ullum
570 3179 608 3241 de
619 3182 723 3242 naamis
736 3180 824 3241 deute
836 3181 988 3241 momordit
1000 3201 1079 3260 opus

381 3392 457 3459 Fuit
471 3403 504 3458 et
518 3392 660 3457 moribus
674 3395 910 3458 ornatissimus:
934 3416 1006 3458 nam
1017 3406 1051 3458 et
1061 3396 1168 3459 vinum
1182 3395 1281 3460 multe
1294 3400 1379 3482 aqua

338 3493 474 3559 dilutiuu
489 3495 632 3573 bibebat,
648 3506 681 3559 et
697 3518 717 3559 a
736 3495 928 3561 detestando
946 3519 1119 3581 puerorum
1136 3499 1308 3564 concubitu
1322 3502 1378 3565 ab·

338 3596 502 3673 horrebat,
521 3609 654 3681 eratque
673 3620 773 3683 purus
794 3600 895 3665 omnis
913 3598 1051 3664 sceleris.
1097 3600 1152 3665 Sic
1169 3602 1253 3666 enim
1267 3604 1337 3688 ipse
1353 3606 1374 3668 i.

337 3697 380 3763 de
395 3697 512 3775 Ponto,
528 3695 622 3783 Eleg.
639 3720 682 3761 x:

413 3863 524 3924 Parrus
537 3865 568 3923 in
581 3864 670 3926 exiles
682 3885 783 3927 succus
794 3868 865 3926 mihi
879 3870 1011 3947 pervenit
1024 3881 1115 3941 artus,

452 3958 642 4037 Membraque
654 3970 723 4019 sunt
736 3959 800 4019 cera
813 3960 964 4040 pallidiora
976 3963 1058 4023 novt.

412 4051 482 4112 Non
495 4053 555 4113 hac
567 4053 717 4114 immodico
728 4056 857 4115 contraxi
869 4056 975 4117 damna
986 4057 1089 4136 Lyae:

450 4146 514 4207 Scis
526 4148 597 4206 mihi
610 4169 696 4228 quam
708 4150 776 4209 soloe
788 4171 870 4229 pene
883 4152 1019 4210 bibantur
1032 4172 1121 4230 aqum.

411 4240 480 4299 Non
493 4241 587 4321 epulis
598 4263 715 4303 oneror:
736 4263 857 4322 quarum
871 4244 896 4303 si
909 4255 1011 4322 tangar
1023 4265 1127 4315 amore,

450 4334 507 4396 Est
519 4346 617 4396 tamen
631 4337 662 4395 iu
676 4336 787 4397 Geticis
800 4337 881 4417 capia
893 4337 975 4397 nulla
986 4337 1064 4397 locis.

409 4431 475 4491 Nec
487 4431 561 4492 vires
573 4431 675 4492 adimit
688 4431 812 4492 Veneris
824 4431 959 4491 damam
971 4431 1121 4512 voluptas:

447 4524 515 4584 Non
528 4526 600 4586 solet
613 4527 644 4585 iu
657 4538 774 4587 mmstos
787 4526 838 4586 illa
851 4528 949 4586 venire
962 4538 1045 4587 toros.
