3600 5925
442 822 507 886 298
734 816 774 880 Ρ.
790 812 952 879 OVIDII
975 812 1186 880 NASONIS

448 994 624 1067 Crinibus
643 991 827 1086 insignem
844 987 930 1085 quis
949 989 1060 1061 acuta
1079 987 1235 1085 cuspide
1255 988 1437 1066 Phoebum

497 1109 676 1193 Instroat,
695 1105 853 1178 Abniarn
872 1101 997 1177 Marte
1014 1119 1187 1178 movente
1203 1106 1349 1204 lyram?

449 1229 547 1301 Sunt
563 1223 630 1299 tibi
648 1245 794 1318 magna,
810 1242 915 1318 puer,
930 1217 1162 1316 nimiumque
1175 1222 1343 1318 potentia
1355 1247 1480 1320 regna,

497 1342 576 1415 Cur
592 1363 687 1438 opus
705 1336 884 1423 adfectas,
904 1334 1113 1423 ambitiose,
1133 1339 1294 1411 novum?
1436 1346 1480 1414 14

447 1460 520 1546 An,
535 1456 636 1555 quod
653 1455 807 1552 ubique,
825 1450 954 1525 tunm?
971 1460 1038 1523 tua
1053 1462 1141 1525 sunt
1157 1449 1354 1528 Heliconia
1371 1454 1481 1530 Tem·

496 1573 572 1645 Vix
590 1571 703 1646 etiarn
717 1568 861 1642 Pboebo
874 1569 955 1664 jam
972 1567 1055 1664 lyra
1070 1577 1152 1642 tuta
1168 1593 1237 1644 sna
1253 1571 1334 1645 est?
1394 1573 1483 1671 [pel

448 1692 547 1764 Cum
564 1689 662 1762 bene
678 1685 840 1758 surrexit
857 1708 965 1757 versu
983 1707 1080 1758 nova
1095 1686 1233 1783 pagina
1250 1687 1386 1786 prim0;

497 1806 688 1879 Adtenuat
705 1825 836 1875 nervos
854 1801 1024 1900 protin'us
1043 1801 1104 1875 ille
1121 1826 1237 1876 meos.

449 1922 530 1996 Nec
549 1919 639 1994 milri
657 1918 812 1993 materia
828 1933 887 1992 est
904 1918 1067 1996 numeris
1085 1919 1282 1994 levioribus
1301 1932 1400 2018 apta,

497 2039 575 2111 Aut
592 2059 696 2135 puer,
716 2045 781 2108 ant
796 2035 929 2132 longas
946 2047 1071 2109 comta
1087 2037 1212 2135 puella
1229 2061 1366 2112 cornus.
1433 2044 1482 2110 20

448 2154 613 2239 Questus
631 2175 753 2239 eram;
782 2151 958 2249 pharetra
976 2175 1062 2224 curn
1080 2152 1247 2250 protinus
1265 2153 1327 2227 ille
1344 2155 1468 2228 soluta

499 2269 607 2365 Legit
623 2268 661 2339 in
679 2267 833 2340 exitium
851 2265 998 2364 spicula
1014 2266 1114 2341 facta
1129 2292 1275 2342 meum:

448 2383 680 2482 Lunavitque
697 2405 795 2478 genu
814 2382 1006 2456 sinuosum
1023 2384 1166 2458 fortiter
1182 2409 1330 2458 arcum:

496 2498 684 2598 Quodque
701 2522 826 2585 canas,
845 2498 975 2587 Vates,
995 2502 1137 2601 accipe,
1155 2503 1387 2602 dixitopus.

448 2617 515 2691 Me
532 2615 731 2689 miserum!
759 2624 881 2688 certas
898 2614 1029 2690 habuit
1047 2642 1140 2716 puer
1157 2618 1218 2692 ille
1235 2620 1404 2716 sagittas.
1432 2623 1480 2691 25

499 2731 616 2820 Uror;
646 2742 684 2805 et
700 2731 739 2803 in
751 2754 869 2804 vacuo
887 2742 1040 2829 pectore
1057 2745 1188 2831 regnat
1203 2734 1330 2808 Amor.

447 2850 526 2924 Sex
539 2847 630 2920 mihi
647 2856 775 2942 surgat
787 2871 883 2945 opus
896 2848 1077 2937 numeris;
1098 2849 1136 2923 in
1148 2851 1316 2948 quinque
1329 2849 1480 2924 residat.

497 2965 634 3041 Ferrea
649 2988 735 3038 curn
752 2966 886 3039 vestris
902 2965 1003 3039 bella
1018 2966 1138 3041 valete
1155 2967 1288 3041 modis.

447 3084 610 3179 Cingere
625 3081 758 3157 litorea
776 3082 951 3157 flaventia
966 3094 1138 3183 tempora
1153 3096 1288 3183 myrto,

495 3197 620 3285 Musa,
639 3221 706 3295 per
723 3197 893 3273 undenos
911 3199 1160 3274 emodulanda
1176 3200 1305 3299 pedes.
1429 3202 1481 3270 30

479 3384 518 3431 1³.
536 3382 634 3447 Magrus,
651 3381 728 3445 putta]
750 3381 838 3447 Utpote
853 3385 894 3447 qui
913 3383 939 3432 in
1115 3384 1394 3447 -rueptmtmn

445 3456 578 3521 Deosipsos
585 3458 626 3522 jus
635 3455 722 3505 babere
733 3456 828 3505 dicuin.
846 3457 937 3507 Cion·
1020 3459 1090 3507 Solvit
1107 3470 1130 3507 et
1143 3461 1239 3508 arbitrio
1248 3461 1328 3506 notris
1336 3460 1365 3506 dt
1373 3457 1436 3505 suillo
1445 3473 1481 3504 ss-

445 3547 502 3580 nus.
532 3531 621 3580 Mureti
643 3548 710 3587 unus,
732 3532 773 3579 Sat
794 3534 835 3580 tibi
855 3551 938 3597 siagria
1048 3537 1116 3598 gittis

443 3603 704 3667 parmenianum.
1022 3606 1097 3655 Um
1107 3609 1219 3669 dsposuit.
1358 3606 1450 3654 Buu.

476 3682 517 3729 20.
533 3681 581 3728 Aut
594 3679 673 3743 pum]
693 3680 767 3734 Quen
783 3697 841 3742 puer
858 3681 939 3730 Sarn-
1020 3682 1060 3730 23.
1077 3680 1242 3745 Lemnium]
1267 3680 1336 3729 Unus
1355 3677 1482 3728 uanum

445 3754 528 3803 uanus
542 3769 558 3803 a
572 3769 644 3803 manu
661 3753 744 3818 prima.
763 3763 791 3804 ut
805 3754 937 3804 subintelli·
990 3756 1152 3820 currantque.
1168 3754 1231 3819 quod
1247 3752 1351 3803 tursius
1366 3752 1482 3817 glutem

444 3831 594 3891 gatur‚olis‚·
606 3844 649 3877 nec
660 3827 776 3878 mibialia
787 3828 936 3887 materiam,
988 3839 1033 3879 cst.
1066 3829 1205 3879 Cruruuus.
1246 3826 1370 3892 Explicuit
1395 3824 1483 3891 optimc

444 3914 516 3967 quum
531 3918 596 3968 puer.
612 3901 654 3951 sed
673 3901 717 3951 boc
734 3912 849 3968 repugnat
861 3904 937 3953 versui
987 3905 1050 3953 bunc
1060 3905 1226 3969 Sagitutorunr
1242 3900 1350 3951 habitum
1364 3901 1485 3951 Colurm

444 3978 485 4025 26.
517 3978 607 4025 Buu.
988 3976 1387 4041 adEnniiAlcmouaptgAEb.

476 4052 518 4098 21.
541 4050 645 4113 Salsu]
674 4049 815 4115 Expeditum
834 4052 938 4117 explicat
1024 4053 1066 4101 29.
1095 4053 1187 4101 bitom
1219 4049 1317 4114 myrta]
1355 4050 1487 4113 Propterea

444 4122 573 4189 Crispinus,
583 4123 937 4190 exduabusMariiiuterpreta·
988 4125 1051 4190 quud
1061 4135 1159 4191 taynus,
1170 4134 1197 4174 ut
1210 4123 1336 4189 plurimum
1351 4139 1399 4187 non
1413 4122 1487 4187 louge

443 4196 545 4247 tionibus
563 4197 688 4264 pessimum
705 4198 805 4264 eligens.
826 4209 862 4247 est
882 4216 938 4251 vcro
987 4199 1070 4249 amari
1085 4209 1178 4266 propter
1193 4198 1251 4248 coeti
1268 4198 1371 4247 onorem
1382 4195 1487 4245 uniet

444 4279 533 4335 apum
543 4286 598 4320 nam
613 4272 706 4321 clausas
720 4274 836 4336 gcrsbcnt
850 4274 935 4338 phare·
986 4289 1037 4323 erse
1046 4274 1186 4325 connuscit.
1201 4273 1272 4323 Cror.
1287 4269 1432 4321 munis.
1441 4269 1485 4318 1³.

444 4352 499 4392 tras.
515 4345 601 4395 Noster
611 4364 636 4396 v.
647 4348 747 4397 Metam.
757 4349 813 4397 ³79.
1019 4347 1085 4395 Lotus
1095 4364 1172 4411 aquus,
1183 4349 1253 4395 litura
1261 4354 1349 4410 myrtus
1357 4356 1429 4391 emt.
