3600 5925
548 829 808 896 HEROIDES.
833 830 903 895 ΕΡ.
927 829 1011 895 XV.
1236 835 1300 900 187

253 997 356 1075 Arsit
372 1002 482 1100 inops
499 1000 624 1089 frater,
642 1015 778 1102 captus
795 1003 1002 1075 meretricis
1020 1026 1166 1092 amore3

303 1116 504 1213 Mixtaque
522 1141 609 1192 curu
627 1119 728 1217 turpi
745 1119 884 1192 damna
900 1118 1043 1215 pudore
1060 1119 1158 1192 tulit.

253 1229 393 1305 Factus
411 1231 519 1330 inops
537 1233 626 1328 agili
642 1234 789 1332 peragit
806 1231 902 1307 freta
917 1233 1055 1306 caerula
1071 1258 1195 1323 rem03
1250 1242 1298 1311 65

303 1345 485 1444 Quasque
502 1348 600 1422 male
618 1349 753 1436 amisit,
772 1373 872 1423 nunc
890 1350 989 1422 male
1007 1351 1141 1447 quaerit
1158 1376 1262 1450 opes.

253 1459 320 1535 Me
334 1485 500 1559 quoque,
516 1463 620 1560 quod
633 1464 759 1537 monui
776 1465 874 1538 bene
887 1465 1006 1538 multa
1017 1464 1189 1552 fideliter,
1204 1467 1295 1540 odit.

303 1575 388 1650 Hoc
406 1577 497 1649 mihi
515 1578 680 1665 libertas,
700 1579 770 1652 hoc
787 1579 852 1678 pia
866 1579 996 1675 lingua
1012 1579 1129 1654 dedit.

253 1688 306 1764 Et
320 1701 516 1788 tamquam
532 1693 669 1780 desint,
689 1718 774 1790 quae
792 1717 853 1767 me
871 1695 951 1767 sine
968 1694 1043 1767 fine
1060 1693 1228 1791 fatigent,

305 1805 534 1880 Adcumulat
550 1832 660 1882 curas
678 1808 755 1882 filia
770 1832 887 1907 parva
903 1831 1020 1881 meas.
1251 1817 1299 1883 70

256 1919 402 1994 Ultima
414 1931 455 1994 tu
473 1923 608 1996 nostris
626 1924 777 1998 accedis
794 1946 932 1997 caussa
948 1924 1124 2019 querelis.

305 2034 342 2108 N
345 2061 394 2109 on
411 2037 533 2133 agitur
548 2049 660 2111 vento
680 2047 808 2111 nostra
825 2038 953 2111 carina
968 2062 1050 2110 suo.

255 2149 370 2239 Ecce,
384 2155 515 2250 jacent
531 2155 628 2228 collo
645 2153 764 2252 sparsi
783 2154 864 2226 sine
881 2154 967 2249 lege
984 2152 1132 2251 capilli:

305 2265 388 2340 Nec
406 2269 542 2365 premit
559 2268 735 2343 articulos
752 2267 880 2341 lucida
896 2291 1047 2365 gemma
1063 2292 1180 2342 meos

253 2379 370 2457 Veste
387 2393 494 2482 tegor
509 2385 592 2460 vili:
612 2385 756 2460 nullum
771 2394 829 2457 est
846 2385 886 2457 in
903 2383 1068 2457 crinibus
1082 2408 1230 2458 aurum:
1252 2390 1299 2459 75

306 2497 343 2570 N
345 2523 393 2573 on
411 2499 537 2574 Arabo
555 2511 683 2576 noster
699 2525 781 2575 rore
798 2501 958 2600 capillus
975 2500 1064 2573 olet.

286 2660 329 2708 63.
349 2661 750 2728 Veromo-‘eamme-
834 2664 877 2711 70.
894 2661 1064 2726 Filiopnroc]
1083 2661 1148 2712 Cleis
1158 2661 1218 2712 lilia.
1246 2663 1300 2713 Sui·

254 2741 293 2781 ω
310 2734 385 2783 coda
404 2735 543 2792 Wittianm,
557 2752 604 2786 nou
616 2736 694 2797 ursle3
709 2736 752 2786 sed
801 2735 854 2786 das.
887 2736 1024 2786 Busirin.

252 2805 364 2856 lincoln.
375 2808 486 2858 Francol.
497 2817 632 2875 etquattuor
641 2809 692 2868 alii,
700 2828 753 2873 oop-
834 2811 876 2860 72.
894 2810 948 2859 Non
957 2820 1023 2859 osam
1032 2808 1093 2872 κιαι]
1104 2808 1211 2859 Adverso
1221 2819 1300 2860 rento.

253 2888 301 2929 tas.
323 2882 388 2945 quod
404 2881 482 2931 rarius
496 2891 564 2948 puto.
579 2891 604 2932 et
618 2883 755 2933 mentriciis
803 2883 955 2949 Metaplrore.
989 2881 1062 2931 Cror.

252 2953 357 3005 sudariis
377 2965 402 3006 et
422 2956 541 3006 illecebris
567 2956 755 3008 convenientius.
836 2958 878 3006 76.
896 2956 950 3005 Non
961 2957 1063 3005 Arabas·
1075 2964 1149 3003 noster
1158 2956 1217 3004 dom
1229 2958 1300 3020 copit-

253 3029 372 3079 Meretrix
383 3046 438 3080 vero
448 3030 492 3080 illa
502 3032 615 3093 Riodopis
624 3031 756 3090 dicebatur,
805 3030 841 3079 lua
848 3029 916 3093 olet]
934 3030 973 3079 lta
983 3028 1128 3094 Naugerius.
1138 3027 1211 3076 nostri
1221 3044 1303 3079 omnes

253 3110 315 3151 teste
332 3103 454 3152 Herodoto
464 3105 508 3153 lib.
520 3104 547 3153 ii.
564 3120 619 3170 cap.
633 3107 689 3155 136.
699 3120 756 3155 cou-
805 3104 881 3153 Amo
895 3120 956 3152 rore.
973 3104 1038 3168 qood
1048 3110 1137 3152 umero
1152 3111 1244 3151 mutare
1260 3119 1301 3153 no-

252 3178 755 3245 serraAEsopietaClraraxomagnape-
804 3176 857 3227 lim.
890 3179 955 3227 Nam
971 3186 996 3226 et
1010 3176 1054 3226 lib.
1070 3194 1095 3225 v.
1118 3176 1221 3226 Metam.
1242 3179 1301 3229 406.

253 3249 451 3301 cuuiarederuta.
468 3252 532 3302 unde
548 3269 671 3318 possumus
684 3252 755 3302 iutel-
805 3254 864 3302 olere
880 3266 937 3301 cum
953 3259 1020 3301 sesto
1038 3267 1095 3300 casu
1107 3251 1239 3318 conjunxit.
1261 3254 1302 3302 ubi

254 3320 337 3386 ligere,
356 3339 399 3373 eur
414 3326 520 3375 Fratrem
540 3325 570 3375 ad
590 3325 694 3391 inopiam
712 3327 756 3376 de·
804 3324 879 3375 babes
893 3327 980 3374 dantia
995 3326 1104 3387 sulphure
1118 3334 1200 3390 stagno
1211 3325 1302 3376 Palico-

254 3393 347 3460 laprum
366 3398 462 3463 Sappho
477 3398 517 3448 hic
534 3397 601 3448 dicit.
622 3400 753 3449 atheneus
803 3415 865 3447 πω.
883 3415 932 3464 quo
947 3399 1042 3447 nomine
1060 3398 1206 3448 aDiomede
1222 3416 1301 3464 gram·

255 3484 313 3516 vero
323 3469 367 3517 lib.
383 3470 433 3519 xiii.
449 3487 503 3538 cup.
514 3472 539 3521 7.
558 3472 666 3522 Dorieon
682 3489 752 3523 voea-
802 3475 890 3525 rustico
911 3482 1014 3531 notatur,
1036 3483 1149 3538 tanquam
1175 3473 1301 3539 improprie

254 3542 359 3599 minuit,
367 3544 545 3594 etllerodotum
555 3546 688 3596 contudisse
698 3563 754 3597 cum
802 3548 906 3598 locutus.
939 3550 1015 3597 Arato
1030 3563 1081 3596 rore
1096 3547 1160 3612 quod
1172 3546 1241 3604 dixit,
1251 3547 1302 3597 ele·

253 3614 460 3682 aliaRbodopide
477 3628 565 3669 censet.
581 3621 623 3669 sed
637 3621 754 3671 Dorieaa
802 3630 886 3688 gauter
907 3620 1005 3671 factum.
1048 3622 1135 3668 Arabos
1154 3636 1196 3684 pro
1217 3622 1302 3669 Aratu

253 3688 334 3752 patria
349 3690 427 3755 potuit
442 3692 499 3741 diei.
515 3701 540 3742 et
553 3693 640 3744 abbae
654 3694 753 3744 Rhodo·
803 3712 897 3761 quoque
908 3696 1022 3745 Plautum
1032 3709 1156 3758 usurpasse
1167 3692 1302 3741 inBaeelri·

254 3760 311 3825 pide
318 3763 467 3827 proverbium
473 3766 585 3825 manavit,
594 3767 669 3817 sord
680 3767 754 3833 ὁμοῖα
803 3768 873 3818 drbus
884 3777 909 3817 et
919 3768 1037 3835 &redula
1048 3764 1175 3830 Virgilium
1186 3764 1303 3814 AEneidos

255 3836 299 3882 sai
314 3833 438 3897 Ῥοδῦπις
455 3838 472 3899 ὴ
487 3841 564 3900 salv),
586 3840 617 3888 de
634 3856 682 3904 quo
699 3839 753 3888 vide
803 3843 914 3907 septimo,
929 3841 1056 3896 Lucilium,
1067 3839 1178 3895 Cinnam,
1193 3838 1303 3887 limium

255 3907 379 3958 &houm
400 3910 425 3959 iu
448 3913 560 3961 Proverb.
582 3928 613 3961 es
639 3912 753 3961 Vatican-
804 3914 829 3963 in
847 3915 970 3981 Epistolis,
988 3912 1110 3964 Charisius
1125 3911 1244 3976 Sosipater
1259 3912 1302 3960 ob·

255 3980 368 4047 Append.
387 3984 486 4035 Centm.
504 3986 540 4033 iii.
561 4001 588 4033 u.
606 3985 649 4033 67.
682 3985 753 4033 Eun·
804 3998 891 4037 serrat.
909 3989 1041 4037 Hsrssrur.
1075 3987 1105 4035 Iu
1122 3985 1230 4035 Francos.
1244 3995 1303 4044 erat,

256 4071 373 4106 narnus.
805 4077 850 4109 rrorr
867 4063 969 4109 troam
982 4064 1041 4109 dono
1054 4061 1153 4122 capillus
1163 4060 1244 4118 tour,-
1260 4059 1303 4109 sed

290 4130 331 4179 65.
350 4131 446 4197 Per-ugit
458 4131 552 4198 freta]
574 4130 634 4180 vid.
655 4130 686 4180 ad
709 4130 755 4179 Pe·
805 4133 863 4182 mibi
881 4149 977 4198 quoque
995 4132 1126 4198 perplacet,
1144 4134 1220 4181 Arabo
1235 4149 1303 4182 rore:

258 4210 320 4252 tren.
334 4200 756 4256 rraloouirveroPiraumtuctum.
805 4222 861 4255 nam
877 4207 979 4254 Araban
995 4215 1021 4254 et
1036 4208 1132 4253 Arabon
1145 4213 1238 4255 veteres
1250 4205 1303 4255 dix·

258 4275 346 4327 Pinrs
364 4281 429 4329 enim
445 4280 498 4330 ἀπὸ
515 4283 560 4330 τοῦ
570 4281 669 4345 πειρᾶν,
681 4294 755 4342 aper·
805 4280 851 4330 isse
862 4280 957 4345 egregie
967 4280 1055 4329 docent
1067 4279 1162 4328 Servius
1171 4288 1197 4328 et
1212 4279 1304 4330 Pierius

257 4355 345 4416 agendo
354 4359 379 4402 et
393 4355 545 4419 pervagando
562 4354 637 4403 maria
648 4353 715 4403 dicti.
732 4362 756 4402 et
806 4354 837 4403 ad
853 4352 949 4419 Virgilii
965 4353 1007 4401 rii.
1019 4352 1118 4402 AEneid.
1130 4354 1188 4403 606.
1205 4354 1236 4404 de
1253 4372 1305 4405 roro

258 4427 314 4476 lriuc
335 4428 402 4478 addit
423 4433 481 4478 orote
501 4433 581 4494 prurit
607 4448 666 4493 oper,
693 4429 756 4496 turpi
807 4446 862 4479 vero
874 4432 959 4486 Arabo,
971 4428 1021 4477 sire
1031 4428 1139 4494 Myrrha,
1151 4428 1201 4477 sire
1212 4430 1303 4488 Nardo,

257 4512 360 4566 quasin,
371 4519 427 4561 non,
436 4513 463 4554 ut
480 4503 608 4562 Domitius,
623 4505 705 4555 multis
719 4504 756 4554 irr-
805 4505 855 4554 aire
863 4504 911 4553 alio
919 4504 999 4559 odore,
1010 4501 1064 4552 ride
1076 4503 1166 4553 Illustr.
1174 4504 1302 4569 Spaubem.

256 4577 531 4639 commodisetlabore3
548 4579 704 4630 maistatuere
716 4596 756 4629 ve·
806 4578 837 4627 ad
856 4577 998 4627 Callimachi
1018 4578 1091 4643 Hym.
1112 4578 1137 4627 in
1158 4576 1239 4644 Apoll.
1259 4580 1301 4627 36.

254 4649 403 4703 limmillum
414 4652 527 4718 remigem
537 4652 634 4703 laetum.
667 4654 755 4705 Buau.
806 4652 894 4702 Bunrr.
