3600 5925
560 767 821 836 nunninus.
843 768 916 868 nr.
941 768 1065 833 xvu.
1270 764 1335 832 uus

289 944 341 1018 Et
357 968 459 1043 saepe
478 943 648 1027 extimui,
667 967 715 1016 ne
732 942 786 1014 vir
804 965 911 1014 meus
930 940 995 1014 illa
1010 940 1174 1014 videret:

340 1060 428 1133 Non
446 1059 538 1132 satis
557 1057 714 1130 occultis
733 1056 944 1153 erubuique
961 1056 1073 1128 notis.

290 1175 403 1274 Saepe
420 1174 479 1247 vel
497 1173 647 1268 exiguo,
666 1170 726 1244 vel
744 1170 846 1243 nullo
863 1193 1065 1256 murmure,
1083 1171 1175 1255 dixi,
1289 1175 1335 1243 85

341 1290 406 1363 Nil
424 1290 543 1388 pudet
560 1289 672 1360 hunc.
701 1308 771 1358 nec
788 1309 862 1359 vox
880 1285 961 1358 haec
980 1308 1066 1358 mea
1082 1284 1177 1359 falsa
1193 1284 1274 1357 fuit.

290 1405 394 1480 Orbe
412 1427 565 1502 quoque
583 1402 621 1474 in
638 1423 777 1473 mensae
794 1399 868 1496 legi
886 1399 958 1472 sub
976 1401 1126 1474 nomine
1144 1410 1283 1484 nostro,

341 1520 452 1605 Quod
470 1520 635 1593 deducta
650 1540 753 1589 mero
771 1516 880 1590 litera
891 1515 993 1603 secit,
1013 1516 1123 1590 Auo.

294 1634 461 1708 Credere
479 1657 539 1707 me
557 1644 684 1706 tamen
702 1631 773 1703 hoc
791 1631 900 1704 oculo
918 1643 1097 1705 renuente
1115 1632 1259 1728 negavi.

344 1749 418 1824 Hei
430 1750 542 1824 mihi!
565 1751 645 1846 Jam
655 1746 783 1833 didici,
796 1746 850 1820 sic
865 1771 1018 1844 quoque
1030 1771 1142 1846 posse
1154 1747 1270 1844 loqui.
1290 1751 1339 1820 90
1389 1767 1406 1778 “

293 1864 364 1939 His
383 1890 454 1962 ego
470 1864 675 1947 blanditiis,
695 1863 726 1934 si
744 1873 949 1960 peccatura
964 1862 1131 1949 fuissem,

346 1981 556 2055 Flecterer:
585 1979 644 2052 his
662 1987 836 2077 poterant
853 1989 1010 2076 pectora
1025 1990 1151 2051 nostra
1169 1977 1267 2076 capi.

294 2096 365 2171 Est
381 2121 534 2195 quoque
552 2094 767 2192 (confiteor)
785 2093 901 2167 iacies
919 2091 989 2166 tibi
1007 2117 1109 2167 rura:
1139 2104 1341 2192 potestque

342 2212 449 2287 Velle
467 2215 538 2286 sub
557 2212 755 2310 amplexis
774 2211 828 2283 ire
846 2208 974 2309 puella
990 2218 1087 2282 tuos.

292 2327 422 2402 Altera
437 2330 497 2402 vel
515 2330 640 2427 potius
658 2327 748 2401 felix
767 2326 848 2400 sine
865 2324 1022 2398 crimine
1040 2323 1118 2409 fiat,
1292 2329 1340 2399 95

343 2443 466 2528 Quam
484 2445 596 2519 cadat
613 2454 770 2518 externo
789 2454 918 2517 noster
935 2463 1060 2514 amore
1077 2439 1211 2538 pudor.

295 2558 410 2632 Disce
427 2582 513 2632 meo
532 2559 720 2657 exemplo,
738 2557 910 2632 formosis
927 2580 1041 2656 posse
1058 2579 1198 2629 curere.

345 2672 416 2746 Est
432 2674 550 2748 virtus
568 2675 717 2773 placitis
735 2674 963 2749 abstinuisse
981 2673 1103 2746 bonis.

295 2785 420 2870 Quam
433 2790 572 2862 multos
590 2790 722 2863 credas
736 2792 895 2886 juvenes
913 2798 1056 2886 optare,
1076 2788 1179 2885 quod
1196 2799 1319 2886 optus,

344 2900 420 2987 Qui
438 2904 614 3002 sapiant?
641 2905 769 2979 oculos
788 2928 836 2979 an
850 2903 959 2978 Paris
976 2927 1074 2976 unus
1091 2904 1235 2978 habes?
1273 2909 1343 2979 100

295 3016 384 3091 Non
402 3029 443 3090 tu
460 3019 546 3117 plus
565 3019 700 3094 cernis.
729 3021 796 3096 sed
814 3021 900 3118 plus
918 3019 1137 3093 temerarius
1155 3020 1289 3094 audes:

347 3132 430 3206 Nec
448 3134 518 3207 tibi
536 3134 622 3233 plus
640 3136 777 3224 cordiS,
796 3135 864 3209 sed
882 3134 1002 3229 magis
1021 3135 1108 3220 nris,
1127 3135 1238 3210 inest.

326 3405 369 3455 83.
387 3404 419 3454 Bt
435 3406 514 3470 repe]
538 3407 606 3456 uuo
631 3408 661 3456 Ut
682 3424 737 3471 upa
757 3426 795 3458 er·
844 3408 886 3475 qui
897 3407 950 3474 ipsc
959 3406 1054 3456 Helena
1068 3414 1143 3456 artem
1156 3408 1260 3458 rnicsndi
1277 3410 1343 3459 inre·

295 3476 371 3527 timisi.
387 3479 519 3529 Huusrus.
549 3479 629 3529 Tibul.
648 3481 674 3530 ii.
691 3481 733 3530 vii.
751 3484 794 3535 34.
845 3483 907 3531 nisse
923 3480 1282 3548 diciturrPtolen.Hept1nst.
1298 3483 1343 3532 tib.

295 3549 422 3600 hocverbn
431 3568 497 3600 usur.
530 3554 578 3601 Aut
593 3556 683 3617 aliquas
698 3559 793 3605 minn-
844 3554 877 3605 ir.
912 3555 1080 3620 numanum
1090 3554 1176 3605 Paride
1187 3572 1241 3621 qun
1252 3556 1344 3614 didicit,
1412 3553 1415 3561 “

295 3625 430 3673 isaurius.
843 3629 1010 3679 aliosdocuitl
1026 3630 1116 3679 Burri.

327 3697 369 3746 ⁰5.
390 3696 431 3745 Vct
447 3699 513 3763 longo
529 3716 644 3749 numum
659 3702 732 3766 dist]
754 3702 794 3752 Vel
875 3706 916 3755 95.
933 3706 1016 3754 Altera
1035 3706 1074 3753 ud
1091 3703 1189 3766 punc]
1211 3704 1251 3751 Vct
1270 3706 1346 3765 potius

294 3770 360 3818 nullo
380 3769 524 3820 Puoeaneus.
551 3773 593 3821 ted
614 3774 673 3823 nihil
694 3776 793 3825 recedo.
843 3778 926 3828 iidem.
944 3795 987 3844 pro
1000 3778 1135 3826 vetrum:
1153 3777 1346 3842 quemvisaltera

294 3841 425 3893 Humum
457 3844 509 3909 Faesso
523 3847 590 3893 nullo
605 3864 722 3895 murmur·
739 3849 794 3897 teti·
843 3861 869 3903 et
884 3855 913 3902 τὸ
928 3855 964 3901 vel
981 3851 1065 3900 mirem
1083 3850 1157 3899 habet
1176 3850 1214 3899 ltic
1230 3851 1344 3915 ἔμφασιν.

295 3930 348 3974 neo,
358 3917 379 3965 si
389 3917 452 3966 enim
461 3920 554 3984 longum
565 3918 657 3976 fruisser,
664 3920 795 3983 periculum
845 3926 913 3990 quasi
923 3925 1016 3975 occulte
1027 3924 1118 3981 innunt.
1127 3940 1153 3973 se
1162 3923 1237 3972 inriti
1247 3923 1345 3973 niteram

295 3989 363 4048 iuret,
374 4008 405 4042 ne
416 3991 452 4040 vir
467 3992 580 4041 sentiret:
597 3991 694 4054 elegans
709 4002 795 4058 prote·
845 3998 894 4047 sore
905 3998 1009 4048 felicem.
1027 3998 1119 4047 Herus.

296 4081 335 4115 res
351 4066 469 4132 oppositio
486 4068 531 4115 τοῦ
548 4068 636 4130 exigui,
655 4074 680 4114 et
699 4068 795 4116 nultius.
877 4072 920 4121 98.
939 4072 980 4121 Bis
997 4071 1093 4134 sirm]
1111 4070 1190 4120 Cicer.
1207 4086 1250 4136 pro
1264 4072 1344 4122 domn

294 4148 330 4188 cst
348 4156 404 4188 vero
422 4139 494 4194 idem,
509 4138 574 4204 quod
592 4138 668 4204 Epist.
686 4138 738 4187 xiii.
755 4141 795 4189 89.
846 4147 888 4195 58.

297 4212 416 4277 tacitoque
433 4216 460 4261 in
479 4222 567 4275 peroro
584 4215 668 4270 dicer,
689 4221 714 4262 et
732 4215 796 4280 quod
882 4221 938 4267 102.
956 4220 999 4269 Sed
1018 4221 1092 4268 minus
1108 4221 1153 4267 oric
1169 4220 1254 4283 adem]
1269 4220 1346 4287 Magis

295 4287 352 4338 tlibi
362 4287 422 4337 dicit
434 4289 531 4343 Noster,
543 4286 645 4336 etmulti
661 4288 797 4347 aliinecum
846 4291 1182 4358 orisnnnpeuciexscriptir.
1215 4293 1345 4360 Sedoeprn

295 4363 364 4426 toqui.
383 4361 534 4411 inBernensi
542 4364 796 4426 entmlporwnur·
846 4364 937 4431 pudore
958 4363 996 4412 hic
1017 4364 1125 4421 sumitur,
1142 4366 1176 4414 ita
1195 4369 1283 4416 duritia
1301 4373 1347 4419 orti

295 4436 502 4493 mscdmnle.
520 4436 608 4485 Burin.
846 4456 888 4505 pru
905 4438 1053 4504 impudentis
1067 4439 1192 4489 &rende
1203 4442 1287 4492 Conrt.
1302 4444 1345 4493 Sn-

326 4511 367 4559 90.
384 4509 422 4558 Sic
432 4527 518 4574 qunque
531 4527 591 4572 pom
607 4512 689 4577 loqui]
709 4512 747 4561 Sic
756 4529 797 4577 ego
846 4513 912 4579 pion.
924 4528 979 4578 cap.
991 4512 1049 4562 xxii.
1082 4513 1188 4579 Vulgata
1202 4523 1283 4565 tumen
1296 4516 1345 4568 lec-

295 4582 431 4633 Putemus
441 4593 466 4632 et
477 4583 579 4649 Regius.
596 4585 729 4636 Hrrrsrns.
750 4585 796 4634 At·
846 4586 976 4636 tiosemri
992 4594 1079 4652 potest.
1098 4588 1152 4637 ride
1164 4590 1261 4655 elegans
1271 4592 1342 4640 Cato·

908 4668 958 4724 03
