3600 5925
489 733 554 798 ³88
784 735 823 797 Ρ.
847 733 1008 799 OVIDII
1032 733 1243 800 NASONIS

494 906 571 981 Sed
589 930 713 1003 neque
730 908 866 981 diversi
883 909 966 1006 ripa
984 907 1159 982 labuntur
1176 910 1308 983 eadem

544 1022 716 1118 Frigidus
735 1021 909 1110 Eurotas,
928 1023 1188 1123 populiferque
1206 1025 1352 1102 Padus:

495 1136 578 1211 Nec
596 1138 667 1214 nisi
684 1149 738 1225 tu,
757 1140 893 1213 nostris
911 1139 1123 1215 cantabitur
1135 1140 1211 1218 ulla
1227 1142 1374 1218 libellis,

543 1252 700 1350 Ingenio
718 1279 871 1330 caussas
889 1265 931 1329 tu
949 1255 1057 1330 dabis
1076 1279 1151 1330 nna
1167 1281 1262 1331 meo.

809 1670 1034 1801 ninom
1063 1724 1213 1799 xviri.
1304 1734 1314 1757 ·

495 1909 656 1985 Carmen
674 1912 721 1985 ad
739 1911 873 1985 iratum
891 1911 982 1984 dum
999 1920 1039 1983 tu
1057 1908 1230 2008 perducis
1244 1910 1429 1997 Achillen,

542 2026 745 2126 Primaque
758 2027 892 2126 juratis
910 2026 1034 2100 induis
1051 2050 1155 2100 arma
1169 2026 1274 2113 viris;

494 2142 587 2230 Nos,
607 2144 748 2232 Macer,
767 2144 911 2242 ignavae
928 2142 1086 2217 Veneris
1102 2167 1294 2217 cessamus
1311 2145 1515 2218 inumbra:

543 2258 594 2332 Et
609 2271 714 2335 tener
731 2285 886 2335 ausuros
903 2261 1059 2356 grandia
1075 2259 1211 2357 frangit
1228 2260 1354 2333 Amor.

492 2375 604 2473 Saepe
620 2398 726 2460 meae,
744 2374 928 2461 Tandem,
946 2375 1038 2461 dixi,
1056 2375 1223 2460 discede,
1241 2374 1393 2473 puellae:
1506 2381 1529 2448 5

542 2488 587 2562 ln
604 2489 746 2587 gremio
765 2490 862 2563 sedit
875 2490 1046 2589 protinus
1063 2490 1127 2565 illa
1143 2515 1240 2569 meo.

493 2605 616 2705 Saepe,
635 2606 772 2695 Pudet,
790 2607 883 2681 dixi.
902 2607 1064 2681 lacrimis
1080 2607 1143 2680 vix
1161 2608 1406 2693 inardentis,

490 2796 493 2801 .
540 2721 607 2796 Me
622 2724 813 2798 miseram!
835 2725 916 2821 jam
934 2736 984 2811 te,
1003 2725 1111 2812 dixit,
1130 2748 1257 2799 amare
1274 2723 1413 2822 pudetl

492 2826 758 2937 implicuitque
776 2865 864 2914 suos
882 2842 1023 2915 circum
1040 2865 1125 2915 mea
1142 2840 1240 2914 colla
1255 2840 1432 2914 lacertos:

542 2953 605 3044 Et,
624 2981 709 3055 quae
727 2979 787 3029 me
805 2957 979 3054 perdunt,
998 2957 1128 3032 oscula
1144 2956 1244 3031 mille
1262 2955 1378 3030 dedit.
1486 2960 1529 3029 10

491 3070 645 3160 Vincor;
674 3084 713 3147 et
730 3073 920 3169 ingenium
939 3075 1071 3148 sumtis
1088 3084 1282 3148 revocatur
1299 3072 1347 3146 ab
1364 3072 1496 3145 armis:

401 3243 411 3256 .
539 3186 695 3285 Resque
713 3188 814 3261 domi
832 3201 971 3285 gestas,
989 3201 1030 3264 et
1044 3214 1130 3264 mea
1146 3190 1257 3277 bella,
1275 3212 1383 3263 cano.

492 3301 651 3400 Sceptra
666 3314 793 3379 tamen
810 3307 945 3395 sumsi3
973 3308 1142 3405 curaque
1160 3306 1359 3404 Tragoedia
1377 3307 1502 3378 nostri

541 3417 685 3493 Crevit:
713 3431 752 3494 et
769 3421 855 3495 huic
873 3423 976 3520 operi
995 3424 1202 3521 quamlibet
1219 3433 1329 3520 aptus
1347 3444 1462 3496 eram.

521 3670 983 3736 ³.Nu,llaw.]MneerAEmilinsv2·
1070 3676 1107 3724 1³.
1118 3674 1224 3736 campio
1241 3670 1363 3737 ngoedia
1379 3669 1478 3734 nostra]
1503 3669 1529 3718 ln

474 3735 601 3804 'nonensis
621 3745 729 3812 Virgilio,
745 3746 840 3795 Tibullo
856 3759 881 3796 et
897 3747 985 3798 Ouidio
1035 3747 1160 3804 nonnullis,
1179 3745 1293 3809 Vmuquc
1311 3745 1432 3811 Trngoedt'o
1448 3754 1528 3793 narn.

488 3819 707 3885 conjunctissimus,
723 3836 771 3870 non
786 3819 864 3870 minus
873 3821 985 3871 eruditio-
1035 3823 1197 3872 Nauorum.
1215 3819 1280 3868 Caro
1290 3828 1376 3876 mm,
1386 3827 1466 3868 noent
1476 3818 1528 3867 dili·

489 3891 613 3958 nieqnnm
622 3893 922 3959 poemlsmamaoetste
932 3895 983 3944 cla·
1033 3896 1123 3960 genna
1155 3894 1203 3943 Sed
1218 3892 1277 3942 mibi
1287 3892 1430 3957 probabilior
1439 3889 1531 3941 videtur

487 3983 535 4024 rna,
547 3983 591 4018 nec
600 3968 652 4018 sine
661 3967 918 4027 lnndchuintilinno,
926 3987 950 4018 x.
960 3971 983 4019 1.
1034 3968 1190 4035 antiquissimi
1200 3965 1289 4017 codicis
1304 3977 1373 4017 vetus
1386 3966 1465 4021 lectio.
1475 3982 1529 4030 que

488 4041 881 4108 mmmmcammneripoent
893 4043 983 4092 Daeoer-
1033 4053 1081 4093 est:
1102 4044 1214 4107 Vmuque
1225 4042 1427 4108 ngndinnoerrn
1439 4040 1527 4089 crem.

484 4117 605 4175 mtibm
622 4116 769 4182 alterumque
784 4119 812 4166 de
828 4120 894 4167 robur
905 4119 984 4181 Trq'o·
1034 4118 1132 4184 Expone
1149 4117 1235 4182 igitur:
1254 4116 1337 4165 Num
1352 4129 1423 4171 nau,
1440 4112 1466 4161 id
1482 4124 1529 4171 est,

485 4191 530 4247 nir,
541 4207 640 4256 quornm
649 4193 832 4243 cumtomnino
847 4192 915 4242 nibil.
925 4193 982 4243 Vid.
1032 4192 1136 4242 carmine
1146 4190 1269 4257 Elegincc.
1299 4188 1369 4248 Quod
1379 4196 1462 4237 eutem
1469 4189 1529 4238 Ovi·

470 4260 593 4312 <Beuum
613 4265 645 4314 nd
661 4264 750 4316 Tibull.
770 4266 797 4316 ii.
817 4266 888 4331 Eleg.
909 4267 942 4316 vi.
961 4268 982 4315 l.
1031 4265 1066 4315 dii
1083 4265 1172 4317 Medea
1188 4266 1269 4331 Elegia
1282 4262 1424 4314 aruinum
1439 4263 1530 4330 scriptu

473 4331 613 4386 'Diversum
623 4339 759 4390 veroium
769 4341 839 4390 abeo
849 4339 891 4406 qui
908 4339 983 4389 itiner
1031 4340 1110 4396 luerit,
1125 4349 1211 4405 prater
1231 4338 1341 4391 minim.
1364 4352 1419 4402 qn·
1438 4338 1530 4388 Senem

486 4405 593 4470 teriptit5
608 4412 704 4462 etmnle
714 4428 769 4463 cnm
785 4412 836 4480 ipso
851 4414 982 4472 coninmrn,
1032 4415 1098 4471 citet,
1118 4413 1223 4462 custodit
1241 4413 1291 4479 ipse
1306 4410 1375 4476 neg.
1391 4409 1411 4460 i.
1430 4410 1487 4461 libr.
1504 4413 1529 4462 ³.

486 4480 608 4553 mndit
617 4484 768 4544 Wemdorff,
780 4488 809 4537 P.
824 4489 853 4538 L.
870 4490 909 4538 Μ.
927 4498 982 4538 torn.
1032 4487 1156 4543 Amorum,
1172 4486 1287 4536 inducens
1301 4485 1391 4551 Elegit
1406 4501 1529 4551 personam

485 4559 518 4602 lv.
527 4567 551 4617 p.
561 4553 618 4603 ⁶⁷9.
637 4556 726 4605 Auia.
1032 4559 1223 4626 ndl'ngoedinm
1233 4559 1432 4624 sicloqnentem:
