3600 5925
463 844 508 910 62
756 838 794 903 P.
819 837 980 904 OVIDll
1005 836 1216 906 NASONIS

462 1014 530 1090 Me
548 1013 675 1112 Satyri
692 1015 834 1087 celeres
852 1013 971 1108 (silvis
989 1032 1061 1109 ego
1077 1022 1180 1088 tecta
1195 1013 1378 1111 latebam)
1433 1021 1506 1093 135

513 1128 751 1215 Quaesierunt
768 1128 913 1225 rapido,
932 1128 1043 1200 turba
1061 1137 1245 1225 proterva,
1263 1131 1383 1228 pede:

462 1245 786 1341 Cornigerumque
804 1253 921 1341 caput
933 1224 1028 1341 ‘pinu
1047 1244 1273 1340 praecinctus
1291 1258 1403 1321 acuta

513 1359 679 1445 Faunus,
697 1359 737 1430 in
755 1357 949 1431 immensis
967 1380 1043 1454 qua
1058 1366 1180 1432 tumet
1197 1358 1268 1433 lda
1280 1361 1396 1458 jugis.

462 1473 530 1547 Me
546 1473 621 1548 lide
638 1467 865 1571 conspicuus
882 1471 1005 1569 Trojae
1023 1473 1186 1547 munitor
1203 1475 1363 1550 amavit:

511 1589 582 1665 Ille
599 1613 692 1663 meae
710 1588 871 1686 spolium
888 1586 1111 1682 virginitatis
1129 1588 1256 1663 habet.
1438 1595 1508 1663 140

462 1706 508 1780 ld
525 1696 677 1803 quoque
693 1703 883 1778 luctando.
913 1702 996 1798 rupi
1014 1712 1141 1777 tamen
1159 1728 1285 1801 ungue
1303 1705 1472 1804 capillos,

512 1811 666 1918 Oraque
683 1829 772 1894 sunt
787 1817 916 1914 digitis
934 1840 1070 1914 aspera
1086 1817 1186 1891 faeta
1202 1819 1308 1893 meis.

460 1934 498 2007 N
501 1959 544 2009 ee
562 1937 723 2036 pretium
742 1935 861 2033 stupri
880 1957 1049 2028 gemmas
1068 1957 1244 2008 aurumve
1261 1935 1429 2032 poposci.

510 2049 685 2148 Turpiter
703 2052 908 2144 ingenuum
926 2071 1082 2121 munera
1098 2072 1236 2146 corpus
1254 2062 1394 2122 emunt.

461 2165 563 2263 lpse,
584 2175 686 2238 ratus
704 2164 869 2259 dignam,
889 2163 1056 2236 medicas
1075 2163 1166 2236 mihi
1184 2163 1338 2237 tradidit
1354 2174 1474 2253 artes;

511 2279 751 2377 Admisitque
767 2303 872 2354 meas
891 2279 939 2353 ad
958 2302 1028 2352 sua
1043 2278 1144 2352 dona
1161 2303 1307 2352 manus.
1435 2282 1504 2352 146

460 2603 532 2654 quum
542 2588 620 2638 vitiosi
629 2588 723 2638 codices
735 2588 832 2646 hubent,
843 2586 958 2645 defendit,
1008 2584 1108 2637 Constat
1124 2588 1253 2638 enimcum
1263 2604 1294 2638 ex
1310 2587 1364 2637 aliis
1378 2586 1444 2645 locis,
1454 2593 1504 2636 turn

458 2662 484 2711 in
494 2662 612 2728 plerisque
622 2662 697 2711 etiam
704 2665 800 2712 occult.
833 2663 927 2711 Hirrus.
1007 2676 1038 2708 ex
1048 2660 1092 2709 lib.
1099 2678 1117 2710 ι.
1128 2661 1289 2727 Metamorplr.
1301 2670 1365 2710 etex
1376 2659 1420 2709 lib.
1431 2660 1449 2708 i.
1466 2661 1505 2709 De

494 2736 550 2784 136.
565 2735 730 2800 Quaesierunt]
745 2735 888 2790 Quarterunr
897 2735 959 2783 liber
1007 2734 1111 2784 remedio
1121 2735 1213 2792 umoris,
1224 2751 1279 2783 euru
1290 2733 1413 2783 medicine
1423 2732 1504 2781 inreu·

458 2806 802 2863 cumulaverimus
818 2808 907 2873 plscet.
923 2808 958 2858 sic
1008 2816 1081 2857 torem
1098 2808 1180 2857 luisse.
1213 2807 1301 2873 Apollo
1311 2816 1391 2856 sutem
1406 2815 1430 2854 et
1441 2806 1505 2871 Nep

457 2890 578 2937 uuor-nur,
585 2883 707 2937 dederam,
716 2883 830 2937 tulerunt,
838 2891 862 2929 et
872 2881 959 2930 similia
1008 2890 1080 2931 tunus
1090 2898 1145 2931 cum
1156 2882 1228 2945 Ilium
1240 2882 1359 2930 moenibus
1374 2879 1505 2929 essentcir·

458 2954 590 3021 peuultima
597 2954 690 3021 syllaba
697 2964 814 3020 correpta.
831 2954 959 3020 dequibus
1008 2954 1244 3014 cumdarurinaboris
1252 2954 1342 3003 socium
1349 2955 1451 3003 AEaeum
1460 2951 1504 3002 ribi

459 3028 490 3077 ad
502 3027 602 3095 Epistol.
613 3027 656 3076 vii.
671 3029 726 3076 166.
760 3028 852 3078 Hsrrrs.
1008 3028 1173 3078 adsciverunt:
1207 3027 1319 3092 quonium
1351 3027 1422 3076 fatale
1454 3035 1505 3075 erat

492 3102 570 3149 Turbo
584 3100 711 3164 proteron]
728 3100 826 3150 Adlusit
841 3101 873 3151 sd
888 3102 959 3166 origi·
1008 3103 1080 3152 nium
1097 3103 1202 3153 excisum
1217 3100 1261 3150 iri:
1279 3100 1350 3167 idque
1365 3107 1504 3149 eventurum

458 3190 514 3224 uem
531 3172 651 3222 vocabuli.
689 3175 784 3238 Satyros
803 3173 866 3223 enim
882 3175 959 3224 dictos
1009 3174 1504 3240 nonerutnisiuliquapartemuriamor-

458 3246 627 3312 u2rillr1‚quu
644 3247 721 3312 prison
730 3248 959 3313 Graecommlingus
1009 3251 1231 3300 taliextruerentur.
1264 3248 1329 3297 Hinc
1344 3247 1414 3312 igitur
1429 3246 1506 3295 iactus

457 3320 575 3385 significat
585 3319 723 3378 mentulam,
729 3320 867 3371 Macrobius
877 3332 959 3372 auctor
1009 3332 1046 3372 cst
1054 3324 1121 3373 locus
1131 3323 1227 3373 fabule.
1244 3322 1361 3372 Pindarus
1369 3319 1395 3369 in
1405 3319 1503 3386 Olymp.

457 3401 502 3451 est,
523 3391 580 3458 quis
601 3394 692 3443 salaces
711 3403 736 3443 ct
752 3394 872 3445 libidinosi
892 3404 957 3445 sunt.
1008 3415 1035 3457 η.
1446 3453 1451 3464 ⁸

458 3468 562 3517 Ponun-
1039 3466 1504 3536 Tbr(deAEucoloquitur)rruiclAu·

493 3544 550 3592 1³8.
569 3542 623 3596 ΟΜ
640 3552 712 3592 tumst
729 3542 797 3607 Idu]
816 3542 866 3592 Ubi
881 3543 958 3608 magis
1073 3546 1131 3601 τοῦς
1142 3541 1290 3609 Εὐρυμέδων

453 3617 533 3667 'densa
549 3624 585 3666 est
602 3617 730 3674 arboribus,
749 3616 788 3666 rel
805 3616 881 3682 magis
897 3616 956 3667 ulta.
1103 3635 1129 3667 n
1141 3616 1273 3674 Ποσειδᾶν,

458 3691 531 3741 Cror.
563 3690 604 3740 Its
622 3699 686 3740 reete
708 3693 807 3740 tumidus
829 3691 957 3741 Gerruuniae
1039 3689 1107 3755 Ἰλίῳ
1116 3690 1252 3757 μέλλοντες
1262 3690 1304 3740 ἐπὶ
1316 3686 1440 3754 στέφανον

458 3775 538 3823 terror,
549 3772 667 3814 montosus
677 3765 842 3832 interpretatu
851 3765 958 3816 Picbena
1039 3766 1135 3822 Τεῦξαι,
1145 3763 1286 3814 καλέσαντο
1296 3763 1419 3827 συνεργὸν

458 3841 522 3906 apud
538 3838 616 3889 Tacit.
631 3839 659 3888 ii.
670 3839 760 3888 Annnl.
772 3840 814 3888 2³.
829 3848 854 3888 et
870 3840 958 3890 Noster
1039 3839 1146 3904 Τάχως·
1164 3838 1199 3898 ἦν
1208 3835 1248 3888 ὅτι
1258 3837 1309 3894 νίν,
1319 3837 1366 3884 duc.
1399 3835 1471 3883 Cror.

459 3919 556 3965 tumidos
574 3925 658 3964 montes
677 3914 739 3964 dixit
755 3913 782 3963 ii.
803 3913 886 3963 Amor.
906 3916 956 3966 xvi.
1040 3913 1134 3978 Trujae.]
1151 3909 1201 3960 llil.
1226 3910 1374 3974 Aliasijn
1383 3906 1446 3972 regio
1456 3912 1503 3954 est.

458 3991 500 4040 52.
534 3988 624 4036 Bunrr.
1006 3988 1079 4037 Cror.

493 4063 549 4112 139.
568 4063 608 4110 Mu
618 4063 670 4126 fide
680 4065 812 4126 conspicuus
824 4062 895 4125 Trojae
907 4082 957 4112 mn·
1042 4061 1098 4109 141.
1117 4060 1200 4110 Tum
1210 4057 1288 4121 unm]
1310 4056 1394 4121 Ungue
1408 4049 1502 4117 scripti·

457 4139 520 4185 uitur
538 4135 646 4198 cruorit]
675 4135 826 4202 Περῖφρασις
840 4135 958 4202 Apollinis
1006 4135 1103 4186 rectius.
1114 4151 1168 4199 sup.
1180 4135 1222 4182 72.
1234 4133 1310 4198 Epist.
1322 4129 1357 4179 ri.
1368 4130 1410 4178 62.

458 4209 490 4258 ud
516 4207 673 4257 differentium
699 4209 818 4276 Neptuni.
852 4209 957 4276 Ideoque
1040 4209 1144 4273 Contigit
1164 4209 1233 4270 inque
1258 4221 1317 4252 rum
1335 4203 1450 4267 unguitur
1469 4201 1505 4246 in

458 4291 540 4349 postes
550 4281 659 4346 subjicit:
1070 4297 1149 4347 genus.
1379 4276 1470 4322 llurss.

492 4354 721 4419 lpurutnsdiguum
736 4357 833 4405 medicus
842 4356 957 4404 mitirru-
1041 4357 1097 4405 1⁴5.
1122 4352 1247 4417 Medicus]
1273 4349 1335 4401 tude
1354 4345 1503 4412 Lyoopbmn.

554 4427 691 4484 diditmta,
1007 4428 1124 4479 Cumund.
1134 4445 1159 4476 r.
1174 4428 1217 4475 61.
1233 4435 1259 4477 et
1272 4425 1305 4476 rbi
1319 4420 1464 4473 Scholissteu
1479 4427 1506 4468 et

524 4498 733 4582 Admisitqrumeus
746 4504 778 4550 ud
786 4520 828 4553 rau
838 4505 899 4552 duna
909 4520 957 4552 usu·
1007 4500 1203 4553 Commentarios.

554 4585 609 4620 urar.
1002 4579 1004 4584 ’
