3600 5925
602 820 862 886 HEROIDES.
891 819 961 883 ΕΡ.
986 819 1069 883 XV.
1304 821 1369 884 18ss

321 995 405 1072 Nec
422 994 527 1082 milii,
545 993 737 1092 dispositis
756 1015 842 1090 quae
855 993 1014 1088 jungam
1031 992 1197 1064 carmina
1214 994 1347 1078 nervis,

371 1110 623 1196 Proveniunt3
652 1130 780 1181 vacuae
797 1107 965 1180 carmina
981 1107 1117 1180 mentis
1135 1131 1242 1205 opus.

322 1226 405 1301 Nec
423 1250 485 1301 me
502 1223 745 1322 Pyrrhiades,
766 1220 1118 1319 Methymniadesve
1136 1222 1283 1320 puellae,
1323 1226 1366 1295 15

373 1341 410 1414 N
413 1367 456 1416 ec
475 1365 535 1415 me
554 1339 782 1412 Lesbiadum
799 1348 927 1413 cetera
943 1338 1054 1410 turba
1066 1339 1211 1434 juvant.

322 1457 416 1531 Vilis
434 1454 648 1540 Anactorie,
667 1453 749 1526 vilis
763 1453 853 1525 mihi
872 1452 1033 1529 candida
1052 1452 1213 1550 Cydno:

374 1571 462 1646 Non
479 1570 598 1645 oculis
616 1579 724 1667 grata
739 1580 798 1643 est
815 1567 955 1654 Atthis,
974 1578 1017 1643 ut
1034 1580 1133 1656 ante,
1148 1569 1254 1644 meis„

347 1756 397 1804 .l⁴.
415 1752 581 1816 Provenient]
599 1750 654 1801 Lib.
671 1758 696 1801 et
711 1750 823 1816 Elegiai.
874 1766 934 1811 rnre
945 1749 1078 1816 πάρθενος.
1110 1749 1238 1798 Suidaser
1254 1749 1339 1816 puellis
1355 1767 1371 1800 a

322 1827 396 1876 Trist.
431 1826 823 1888 Gomuneprooeniuntanimods·
873 1823 1370 1890 Sapphoadamatistresrecenset,dtthi-

323 1903 489 1949 sacrament.
505 1899 578 1948 Cror.
873 1897 938 1954 dem,
964 1897 1123 1963 Telesippam,
1149 1898 1281 1961 Megaram,
1305 1897 1372 1948 nulla

356 2000 390 2010 -
400 1973 481 2021 Vnone
487 1973 589 2020 cumino
599 1972 679 2018 mentis
686 1968 764 2032 opus]
776 1968 823 2016 Os·
873 1970 988 2036 Gyrinnae
999 1970 1118 2019 mentione
1128 1969 1200 2018 lacta.
1232 1969 1325 2019 Ειιιιιιιι
1335 1979 1371 2020 ta·

324 2046 401 2096 tendit
411 2062 436 2095 se
450 2043 481 2095 ad
491 2044 617 2110 pangenda
625 2043 732 2091 carmina
742 2050 822 2107 aptam
872 2058 928 2091 men
938 2044 1024 2092 mirum
1035 2059 1050 2092 a
1060 2044 1157 2092 Nasone
1171 2043 1315 2092 mentionem
1325 2060 1372 2094 noa

325 2135 372 2168 non
388 2133 447 2175 esse,
458 2134 512 2167 cum
528 2132 559 2166 ea
576 2115 772 2180 tranquillitatem
784 2115 822 2164 vel
872 2116 932 2164 fieri.
949 2115 992 2164 sed
1007 2115 1083 2165 multa
1099 2115 1130 2164 ad
1145 2115 1262 2164 Eretriam
1278 2117 1373 2182 Sappho

323 2190 430 2258 inprimis
439 2190 573 2255 requirant:
590 2189 642 2255 ipsa
652 2197 733 2238 autern
743 2203 822 2238 amore
871 2189 1023 2255 pertinentia,
1033 2190 1064 2238 ed
1081 2190 1143 2238 hauc
1153 2189 1319 2255 Mityleneam
1335 2207 1372 2240 re·

322 2273 430 2331 correpta
440 2265 487 2314 huc
495 2272 567 2330 atque
576 2262 643 2320 ¹illuc,
651 2261 737 2311 mentis
745 2261 822 2327 inops,
872 2263 989 2312 feruntur.
1023 2264 1087 2312 Nam
1097 2263 1160 2327 quod
1169 2262 1283 2328 Diphilus
1293 2265 1318 2312 in
1326 2265 1372 2314 Co·

323 2339 467 2404 agitabatur.
484 2339 557 2387 Cror.
872 2336 985 2386 moediaa
994 2335 1092 2385 selecta
1099 2334 1269 2384 Archilochum
1279 2345 1305 2384 et
1312 2338 1373 2403 Hip·

359 2414 399 2462 lo.
414 2411 735 2476 Namryrrtuunue]
749 2411 822 2468 Que-
872 2419 1007 2476 ponaetem,
1029 2417 1152 2474 tamquam
1175 2418 1291 2459 amatores
1310 2411 1371 2476 Sap·

324 2485 355 2533 sit
372 2485 459 2550 Quat.
476 2484 593 2551 quomodo
611 2500 627 2533 a
644 2485 776 2549 Pyrrhaeus,
794 2499 823 2532 ao
873 2483 935 2549 phits
951 2483 1053 2540 induxit.
1069 2500 1111 2549 pro
1128 2484 1181 2532 lusu
1196 2482 1285 2547 ingenii
1302 2483 1372 2534 lasci·

326 2560 498 2623 Methymnaeus,
513 2575 568 2624 qun
585 2567 640 2608 sunt
659 2558 790 2624 possessiva
810 2573 824 2606 a
874 2557 960 2606 vienus
980 2567 1017 2607 est
1035 2557 1180 2615 habendum,
1197 2566 1225 2606 ut
1242 2558 1374 2609 Athenaeus

327 2635 420 2697 Pyrrhe
437 2649 466 2683 ac
482 2633 616 2698 Methymno
632 2631 720 2681 deduci
737 2643 823 2698 potue·
871 2631 923 2696 jam
932 2632 1074 2681 observavit.
1107 2632 1188 2680 Multo
1202 2630 1372 2681 minusverisi·

325 2706 388 2756 riuti
405 2708 462 2765 Qua
471 2707 560 2757 ratione
571 2705 702 2770 abdymdc
711 2714 824 2771 patrony·
874 2705 940 2763 mile,
950 2713 1054 2754 amamus
1067 2705 1163 2770 Sappho
1173 2705 1204 2754 ab
1214 2704 1374 2763 Anacreonte,

326 2779 515 2831 micaducuntur
525 2779 632 2828 feminini
640 2779 742 2844 generis,
750 2777 825 2845 primo
874 2778 916 2842 qui
943 2778 1092 2843 undeviginti
1118 2777 1174 2827 totis
1199 2788 1252 2844 post
1278 2780 1373 2845 Sappho

326 2850 643 2916 rixariqdeindedyn'isdc:
662 2852 824 2916 ιπιλασγὸς,
874 2852 1026 2917 Olympiadis
1035 2852 1133 2902 claruit:
1150 2868 1206 2901 cum
1220 2861 1300 2901 minen
1312 2854 1373 2902 Her·

327 2926 460 2992 πελασγὶς,
488 2923 635 2992 πελασγιάς.
670 2925 735 2974 Nam
761 2932 826 2974 certe
875 2926 997 2977 mesiauax
1013 2926 1038 2976 id
1049 2926 1163 2976 traditum
1180 2925 1308 2992 reliquerit.
1340 2927 1374 2976 Δι

327 2998 387 3047 nihil
398 3001 485 3056 obstat,
496 3014 544 3065 quo
555 2998 631 3048 minus
647 3015 663 3047 a
671 2996 765 3063 πύρῤα,
772 2997 825 3046 dua
875 2999 906 3048 de
917 3000 999 3049 Alcen
1007 3001 1116 3067 Sapphus
1126 2999 1221 3056 amulo,
1232 2999 1293 3049 inter
1301 3001 1374 3066 scrip·

326 3070 408 3120 formis
419 3069 825 3138 luerintpatronymicrmuylyiuioc,
875 3081 938 3122 tores
963 3075 1084 3123 convenit.
1112 3072 1155 3121 sed
1181 3088 1236 3122 cum
1262 3073 1375 3123 Erinnauu

326 3154 351 3193 et
361 3144 466 3211 πύῤῥως
472 3163 480 3205 ;
490 3160 535 3193 nec
543 3144 656 3193 mirumsi
667 3143 826 3209 tutuno«,
876 3146 1021 3213 Olympiade
1031 3147 1079 3197 cvi.
1096 3146 1208 3197 claruisse
1218 3147 1335 3198 Eusebius
1350 3147 1376 3197 in

326 3225 376 3267 tam
395 3217 543 3284 Μηθύμνιος
559 3216 585 3266 in
603 3234 647 3267 usu
658 3216 735 3274 luerit,
753 3232 826 3282 quam
877 3219 1002 3270 Chronicis
1018 3221 1154 3279 contendat,
1166 3238 1213 3270 nou
1229 3221 1306 3288 potuit
1322 3238 1376 3272 eam

328 3293 501 3357 Μηθυμναῖος,
511 3307 585 3357 quum
600 3306 615 3339 a
625 3289 756 3348 Κάλυδνα,
767 3299 827 3339 teste
878 3292 970 3342 novisse
980 3294 1086 3359 Sappho.
1103 3294 1148 3342 nisi
1159 3294 1219 3345 duas
1229 3294 1299 3344 luisse
1307 3296 1375 3346 utn-

326 3365 453 3429 Stephauo,
473 3364 499 3413 in
520 3380 588 3421 voce,
610 3363 625 3414 ὁ
646 3365 753 3424 πολίτης
774 3370 823 3414 Ka-
877 3382 921 3415 uas
935 3367 1097 3416 concedimus.
1130 3368 1170 3416 De
1187 3370 1239 3435 ejus
1251 3379 1316 3419 certe
1331 3386 1375 3436 pa·

326 3436 447 3496 λυδνιιῖος
463 3439 504 3486 eal
519 3435 675 3497 Καλύδνιοςς
691 3436 755 3486 unde
774 3442 828 3487 Ka·
878 3438 924 3488 tria
935 3439 1011 3489 varias
1021 3439 1142 3506 opiniones
1156 3441 1245 3492 Su'idas
1260 3452 1376 3501 recenset,

327 3509 592 3570 λυδνῖς,Καλυδνιάι,-;
602 3518 629 3560 ιιι
639 3511 826 3575 aMsthymnius,
877 3528 933 3562 cum
949 3514 1136 3563 tamen'l'eniam
1154 3515 1260 3581 plerique
1279 3516 1376 3575 neunt,

331 3586 493 3648 Methymnius,
505 3584 653 3648 Methymnis.
671 3585 785 3634 Larissa.
878 3593 944 3635 utet
958 3586 1092 3652 Stephanus
1106 3588 1236 3653 Byzantius
1250 3590 1274 3638 in
1285 3589 1376 3651 Τῆνος.

366 3659 405 3706 Π.
426 3658 482 3707 Vilis
499 3659 660 3723 Arruntium]
683 3659 739 3708 Vilis
757 3660 827 3724 Amy·
876 3659 992 3710 Tatianus
1008 3661 1118 3711 lesbiam
1134 3662 1247 3711 Oratione
1264 3664 1377 3713 adversus

329 3732 403 3789 thone,
418 3733 469 3781 uilis
483 3733 538 3780 milti
556 3734 654 3780 candidu
666 3734 747 3796 Cydno
760 3732 828 3781 Nau·
878 3733 984 3782 Grecos.
1002 3734 1093 3782 Huius.

328 3805 416 3870 getius.
436 3815 461 3855 at
471 3804 552 3871 primas
561 3805 678 3854 editiones
688 3822 743 3855 cum
756 3805 829 3872 scrip
915 3807 954 3854 tu.
974 3806 1026 3853 Νωι
1041 3808 1114 3854 oculis
1126 3817 1196 3870 gruta
1212 3818 1244 3855 est
1255 3809 1339 3866 Atthis,
1349 3821 1377 3858 ιιι

329 3877 360 3927 tis
380 3878 533 3943 quibusdam,
557 3878 615 3927 Vilis
636 3881 762 3927 Amatoris.
787 3878 829 3927 alii
878 3890 941 3934 unte,
963 3879 1039 3941 meu]
1068 3878 1097 3926 In
1114 3878 1228 3935 versibus,
1250 3897 1309 3946 quus
1327 3883 1376 3932 lle·

330 3954 465 4008 Amintorr'e,
478 3954 651 4001 veldruetoris.
679 3952 830 4016 legendnm·
878 3951 979 4016 phastio
989 3967 1018 3999 ex
1035 3951 1160 4017 Sapphone
1170 3951 1237 4010 citat,
1250 3954 1321 4020 hujus
1330 3955 1376 4005 At-

331 4029 386 4073 torie
405 4042 436 4075 ex
459 4026 569 4076 diotimo
593 4025 674 4090 Tyrio.
708 4025 829 4091 Γύριννα,
879 4022 927 4072 this
935 4025 1024 4073 mentio
1032 4033 1069 4074 est
1079 4024 1116 4073 his
1126 4026 1215 4074 verbis:

329 4099 372 4147 eei
394 4098 488 4159 'nvom
515 4101 557 4149 sul
576 4097 738 4164 Ἀνακτορία.
765 4099 829 4164 quod
911 4096 997 4156 'erote
1006 4098 1076 4148 oolrl'
1086 4099 1377 4166 ἕμέθενμὶνᾶπὴχθετο.

331 4170 490 4221 &muranum
502 4172 554 4238 Jam
565 4170 665 4220 monuit.
683 4171 707 4219 in
724 4172 777 4220 loco
793 4180 829 4221 ta·
1275 4176 1346 4226 Cror.

331 4260 385 4292 men
394 4245 497 4294 Maximi
503 4245 568 4311 Tyrii
578 4262 620 4312 pro
628 4244 739 4311 Γὺριννα
749 4246 831 4312 opinor
880 4243 987 4294 Atthidis
996 4246 1103 4296 meminit
1112 4254 1138 4294 et
1144 4246 1300 4298 Terentianus
1308 4250 1377 4301 Mau.

330 4317 479 4367 scribendum
495 4318 615 4385 'prvu
658 4318 747 4370 Erinna
766 4320 830 4370 enim
879 4335 920 4367 rus
930 4320 961 4369 de
972 4319 1124 4387 Metrispag.
1135 4322 1178 4372 91.

331 4400 356 4438 et
371 4407 452 4441 consa
469 4392 587 4458 Sapphus,
603 4403 627 4442 et
644 4394 675 4441 ab
692 4394 734 4442 illa
751 4403 830 4444 amata
914 4393 1027 4442 Εοιίαιιιι
1044 4412 1070 4443 er
1091 4397 1132 4443 tua
1152 4400 1232 4461 genuit
1253 4400 1379 4449 doctdsima

332 4481 434 4530 quoque.
452 4467 486 4515 sic
505 4466 592 4517 Sui'daa
611 4467 635 4516 in
650 4466 770 4534 Ἥρωνα.
788 4470 830 4519 scd
945 4467 1040 4529 Sappho,

332 4550 355 4589 ct
366 4541 503 4593 liustathius
518 4543 542 4591 in
552 4544 623 4593 lliad.
643 4550 672 4593 B.
684 4544 714 4594 de
731 4545 828 4601 Erinua,
916 4546 985 4593 Cordi
996 4549 1163 4613 quondosuisse
1173 4554 1215 4601 sili
1225 4556 1288 4602 cunis
1299 4554 1377 4602 Attii·

328 4611 379 4664 Ἠν
389 4613 413 4664 tle
425 4616 512 4682 lruipo
528 4619 655 4682 Σαπφοῦς,
677 4619 719 4667 καὶ
736 4617 830 4668 ἐτελεύ·
945 4622 1088 4681 duporoum,

927 4699 977 4748 Nl
