<?xml version="1.0" encoding="UTF-8"?>
<!DOCTYPE html PUBLIC "-//W3C//DTD XHTML 1.0 Transitional//EN"
    "http://www.w3.org/TR/xhtml1/DTD/xhtml1-transitional.dtd">
<html xmlns="http://www.w3.org/1999/xhtml" xml:lang="en" lang="en">
 <head>
  <title>
</title>
<meta http-equiv="Content-Type" content="text/html;charset=utf-8" />
  <meta name='ocr-system' content='tesseract 3.04.00' />
  <meta name='ocr-capabilities' content='ocr_page ocr_carea ocr_par ocr_line ocrx_word'/>
</head>
<body>
  <div class='ocr_page' id='page_1' title='image "./opera00giergoog/opera00giergoog_0163.png"; bbox 0 0 3600 5925; ppageno 0'>
   <div class='ocr_carea' id='block_1_1' title="bbox 564 820 1324 896">
    <p class='ocr_par' dir='ltr' id='par_1_1' title="bbox 564 820 1324 896">
     <span class='ocr_line' id='line_1_1' title="bbox 564 820 1324 896; baseline 0.007 -5"><span class='ocrx_word' id='word_1_1' title='bbox 564 820 826 892; x_wconf 85' lang='lat' dir='ltr'><strong>HEROIDES.</strong></span> <span class='ocrx_word' id='word_1_2' title='bbox 856 824 927 890; x_wconf 88' lang='grc' dir='ltr'>ΕΡ.</span> <span class='ocrx_word' id='word_1_3' title='bbox 951 826 1034 892; x_wconf 88' lang='lat' dir='ltr'><strong>VII.</strong></span> <span class='ocrx_word' id='word_1_4' title='bbox 1280 831 1324 896; x_wconf 77' lang='grc'>93</span> 
     </span>
    </p>
   </div>
   <div class='ocr_carea' id='block_1_2' title="bbox 274 997 1326 2592">
    <p class='ocr_par' dir='ltr' id='par_1_2' title="bbox 274 997 1326 2592">
     <span class='ocr_line' id='line_1_2' title="bbox 277 997 1263 1100; baseline 0.004 -28"><span class='ocrx_word' id='word_1_5' title='bbox 277 997 358 1074; x_wconf 88' lang='lat' dir='ltr'>Hos</span> <span class='ocrx_word' id='word_1_6' title='bbox 376 999 504 1100; x_wconf 86' lang='lat' dir='ltr'>potius</span> <span class='ocrx_word' id='word_1_7' title='bbox 522 999 683 1098; x_wconf 90' lang='lat' dir='ltr'>populos</span> <span class='ocrx_word' id='word_1_8' title='bbox 701 999 740 1070; x_wconf 93' lang='lat' dir='ltr'>in</span> <span class='ocrx_word' id='word_1_9' title='bbox 756 998 898 1085; x_wconf 90' lang='lat' dir='ltr'>dotem,</span> <span class='ocrx_word' id='word_1_10' title='bbox 918 1000 1077 1096; x_wconf 82' lang='lat' dir='ltr'>ambage</span> <span class='ocrx_word' id='word_1_11' title='bbox 1095 1002 1263 1089; x_wconf 87' lang='lat' dir='ltr'>remissa,</span> 
     </span>
     <span class='ocr_line' id='line_1_3' title="bbox 326 1110 1326 1213; baseline 0.002 -24"><span class='ocrx_word' id='word_1_12' title='bbox 326 1116 469 1213; x_wconf 83' lang='lat' dir='ltr'>Accipe</span> <span class='ocrx_word' id='word_1_13' title='bbox 484 1143 494 1202; x_wconf 88' lang='grc'><strong>;</strong></span> <span class='ocrx_word' id='word_1_14' title='bbox 524 1124 562 1187; x_wconf 92' lang='lat' dir='ltr'>et</span> <span class='ocrx_word' id='word_1_15' title='bbox 580 1113 757 1186; x_wconf 88' lang='lat' dir='ltr'>advectas</span> <span class='ocrx_word' id='word_1_16' title='bbox 776 1110 1035 1209; x_wconf 87' lang='lat' dir='ltr'>Pygmalionis</span> <span class='ocrx_word' id='word_1_17' title='bbox 1053 1139 1158 1213; x_wconf 86' lang='lat' dir='ltr'>opes.</span> <span class='ocrx_word' id='word_1_18' title='bbox 1256 1122 1326 1192; x_wconf 88' lang='grc'>150</span> 
     </span>
     <span class='ocr_line' id='line_1_4' title="bbox 278 1227 1114 1330; baseline 0.002 -27"><span class='ocrx_word' id='word_1_19' title='bbox 278 1231 375 1305; x_wconf 91' lang='lat' dir='ltr'>Ilion</span> <span class='ocrx_word' id='word_1_20' title='bbox 392 1233 430 1304; x_wconf 91' lang='lat' dir='ltr'>in</span> <span class='ocrx_word' id='word_1_21' title='bbox 448 1229 603 1330; x_wconf 85' lang='lat' dir='ltr'>Tyriam</span> <span class='ocrx_word' id='word_1_22' title='bbox 620 1228 779 1302; x_wconf 82' lang='lat' dir='ltr'>transfer</span> <span class='ocrx_word' id='word_1_23' title='bbox 796 1227 943 1305; x_wconf 75' lang='lat' dir='ltr'>felicius</span> <span class='ocrx_word' id='word_1_24' title='bbox 961 1232 1114 1305; x_wconf 87' lang='lat' dir='ltr'>urbem:</span> 
     </span>
     <span class='ocr_line' id='line_1_5' title="bbox 327 1345 1296 1446; baseline 0.003 -27"><span class='ocrx_word' id='word_1_25' title='bbox 327 1345 526 1446; x_wconf 86' lang='lat' dir='ltr'>Hancque,</span> <span class='ocrx_word' id='word_1_26' title='bbox 546 1347 672 1420; x_wconf 89' lang='lat' dir='ltr'>locum</span> <span class='ocrx_word' id='word_1_27' title='bbox 690 1345 806 1441; x_wconf 90' lang='lat' dir='ltr'>regni,</span> <span class='ocrx_word' id='word_1_28' title='bbox 826 1355 1053 1444; x_wconf 86' lang='lat' dir='ltr'>sceptraque</span> <span class='ocrx_word' id='word_1_29' title='bbox 1072 1369 1180 1420; x_wconf 89' lang='lat' dir='ltr'>sacra</span> <span class='ocrx_word' id='word_1_30' title='bbox 1198 1358 1296 1423; x_wconf 89' lang='lat' dir='ltr'>tene.</span> 
     </span>
     <span class='ocr_line' id='line_1_6' title="bbox 277 1461 1174 1558; baseline 0.001 -23"><span class='ocrx_word' id='word_1_31' title='bbox 277 1463 319 1535; x_wconf 89' lang='lat' dir='ltr'>Si</span> <span class='ocrx_word' id='word_1_32' title='bbox 337 1463 405 1537; x_wconf 94' lang='lat' dir='ltr'>tibi</span> <span class='ocrx_word' id='word_1_33' title='bbox 423 1488 531 1537; x_wconf 91' lang='lat' dir='ltr'>mens</span> <span class='ocrx_word' id='word_1_34' title='bbox 549 1462 659 1537; x_wconf 89' lang='lat' dir='ltr'>avida</span> <span class='ocrx_word' id='word_1_35' title='bbox 675 1471 734 1535; x_wconf 90' lang='lat' dir='ltr'>est</span> <span class='ocrx_word' id='word_1_36' title='bbox 749 1461 850 1548; x_wconf 91' lang='lat' dir='ltr'>belli,</span> <span class='ocrx_word' id='word_1_37' title='bbox 868 1461 898 1534; x_wconf 87' lang='lat' dir='ltr'>si</span> <span class='ocrx_word' id='word_1_38' title='bbox 917 1462 1051 1558; x_wconf 86' lang='lat' dir='ltr'>quaerit</span> <span class='ocrx_word' id='word_1_39' title='bbox 1068 1461 1174 1536; x_wconf 82' lang='lat' dir='ltr'>Iiilus</span> 
     </span>
     <span class='ocr_line' id='line_1_7' title="bbox 326 1575 1146 1677; baseline 0.004 -28"><span class='ocrx_word' id='word_1_40' title='bbox 326 1578 440 1652; x_wconf 86' lang='lat' dir='ltr'><strong>Unde</strong></span> <span class='ocrx_word' id='word_1_41' title='bbox 458 1603 527 1652; x_wconf 89' lang='lat' dir='ltr'>suo</span> <span class='ocrx_word' id='word_1_42' title='bbox 543 1588 674 1677; x_wconf 87' lang='lat' dir='ltr'>partus</span> <span class='ocrx_word' id='word_1_43' title='bbox 693 1575 817 1650; x_wconf 90' lang='lat' dir='ltr'>Marte</span> <span class='ocrx_word' id='word_1_44' title='bbox 834 1578 1046 1676; x_wconf 89' lang='lat' dir='ltr'>triumphus</span> <span class='ocrx_word' id='word_1_45' title='bbox 1064 1589 1146 1665; x_wconf 82' lang='lat' dir='ltr'>eat3</span> 
     </span>
     <span class='ocr_line' id='line_1_8' title="bbox 276 1691 1321 1793; baseline 0.004 -28"><span class='ocrx_word' id='word_1_46' title='bbox 276 1691 401 1776; x_wconf 86' lang='lat' dir='ltr'><strong>Quem</strong></span> <span class='ocrx_word' id='word_1_47' title='bbox 420 1703 583 1793; x_wconf 87' lang='lat' dir='ltr'>superet,</span> <span class='ocrx_word' id='word_1_48' title='bbox 598 1716 646 1766; x_wconf 90' lang='lat' dir='ltr'>ne</span> <span class='ocrx_word' id='word_1_49' title='bbox 662 1692 754 1790; x_wconf 90' lang='lat' dir='ltr'>quid</span> <span class='ocrx_word' id='word_1_50' title='bbox 773 1691 883 1777; x_wconf 85' lang='lat' dir='ltr'>desit,</span> <span class='ocrx_word' id='word_1_51' title='bbox 898 1692 1150 1790; x_wconf 74' lang='lat' dir='ltr'>praebebimus</span> <span class='ocrx_word' id='word_1_52' title='bbox 1163 1693 1321 1768; x_wconf 87' lang='lat' dir='ltr'><strong>hostem.</strong></span> 
     </span>
     <span class='ocr_line' id='line_1_9' title="bbox 328 1807 1325 1909; baseline 0.002 -28"><span class='ocrx_word' id='word_1_53' title='bbox 328 1807 401 1883; x_wconf 91' lang='lat' dir='ltr'>Hic</span> <span class='ocrx_word' id='word_1_54' title='bbox 419 1811 525 1909; x_wconf 84' lang='lat' dir='ltr'>pacis</span> <span class='ocrx_word' id='word_1_55' title='bbox 543 1811 669 1906; x_wconf 91' lang='lat' dir='ltr'>leges:</span> <span class='ocrx_word' id='word_1_56' title='bbox 698 1807 760 1881; x_wconf 90' lang='lat' dir='ltr'>bic</span> <span class='ocrx_word' id='word_1_57' title='bbox 778 1808 884 1881; x_wconf 92' lang='lat' dir='ltr'>locus</span> <span class='ocrx_word' id='word_1_58' title='bbox 904 1831 1007 1880; x_wconf 85' lang='lat' dir='ltr'>arma</span> <span class='ocrx_word' id='word_1_59' title='bbox 1024 1808 1137 1905; x_wconf 86' lang='lat' dir='ltr'>capit.</span> <span class='ocrx_word' id='word_1_60' title='bbox 1256 1814 1325 1883; x_wconf 88' lang='lat'>156</span> 
     </span>
     <span class='ocr_line' id='line_1_10' title="bbox 274 1922 1299 2024; baseline 0.006 -30"><span class='ocrx_word' id='word_1_61' title='bbox 274 1922 333 1995; x_wconf 87' lang='lat' dir='ltr'>Tu</span> <span class='ocrx_word' id='word_1_62' title='bbox 350 1927 475 2012; x_wconf 89' lang='lat' dir='ltr'>modo,</span> <span class='ocrx_word' id='word_1_63' title='bbox 493 1949 562 2024; x_wconf 92' lang='lat' dir='ltr'>per</span> <span class='ocrx_word' id='word_1_64' title='bbox 579 1935 750 2009; x_wconf 89' lang='lat' dir='ltr'>matrem,</span> <span class='ocrx_word' id='word_1_65' title='bbox 771 1923 1009 2021; x_wconf 82' lang='lat' dir='ltr'>fraternaque</span> <span class='ocrx_word' id='word_1_66' title='bbox 1027 1925 1115 2010; x_wconf 88' lang='lat' dir='ltr'>tela,</span> <span class='ocrx_word' id='word_1_67' title='bbox 1131 1923 1299 2020; x_wconf 77' lang='lat' dir='ltr'>sagittas,</span> 
     </span>
     <span class='ocr_line' id='line_1_11' title="bbox 324 2039 1267 2139; baseline 0.001 -26"><span class='ocrx_word' id='word_1_68' title='bbox 324 2039 475 2139; x_wconf 86' lang='lat' dir='ltr'>Perque</span> <span class='ocrx_word' id='word_1_69' title='bbox 493 2041 592 2138; x_wconf 82' lang='lat' dir='ltr'>fugae</span> <span class='ocrx_word' id='word_1_70' title='bbox 610 2039 783 2127; x_wconf 85' lang='lat' dir='ltr'>comites,</span> <span class='ocrx_word' id='word_1_71' title='bbox 805 2040 985 2113; x_wconf 85' lang='lat' dir='ltr'>Dardana</span> <span class='ocrx_word' id='word_1_72' title='bbox 1002 2064 1120 2125; x_wconf 89' lang='lat' dir='ltr'>sacra,</span> <span class='ocrx_word' id='word_1_73' title='bbox 1141 2040 1267 2114; x_wconf 89' lang='lat' dir='ltr'>Deos:</span> 
     </span>
     <span class='ocr_line' id='line_1_12' title="bbox 275 2153 1323 2254; baseline 0.003 -28"><span class='ocrx_word' id='word_1_74' title='bbox 275 2153 358 2248; x_wconf 87' lang='lat' dir='ltr'>(Sic</span> <span class='ocrx_word' id='word_1_75' title='bbox 377 2167 568 2254; x_wconf 88' lang='lat' dir='ltr'>superent,</span> <span class='ocrx_word' id='word_1_76' title='bbox 588 2179 849 2254; x_wconf 91' lang='lat' dir='ltr'>quoscumque</span> <span class='ocrx_word' id='word_1_77' title='bbox 867 2164 933 2227; x_wconf 88' lang='lat' dir='ltr'>tua</span> <span class='ocrx_word' id='word_1_78' title='bbox 945 2154 994 2228; x_wconf 90' lang='lat' dir='ltr'>de</span> <span class='ocrx_word' id='word_1_79' title='bbox 1012 2164 1124 2250; x_wconf 87' lang='lat' dir='ltr'>gente</span> <span class='ocrx_word' id='word_1_80' title='bbox 1143 2165 1323 2254; x_wconf 88' lang='lat' dir='ltr'>reportas,</span> 
     </span>
     <span class='ocr_line' id='line_1_13' title="bbox 324 2268 1324 2355; baseline 0.001 -13"><span class='ocrx_word' id='word_1_81' title='bbox 324 2268 428 2344; x_wconf 87' lang='lat' dir='ltr'>Mars</span> <span class='ocrx_word' id='word_1_82' title='bbox 447 2270 546 2345; x_wconf 87' lang='lat' dir='ltr'>ferus</span> <span class='ocrx_word' id='word_1_83' title='bbox 565 2281 604 2345; x_wconf 93' lang='lat' dir='ltr'>et</span> <span class='ocrx_word' id='word_1_84' title='bbox 620 2269 768 2343; x_wconf 92' lang='lat' dir='ltr'>damnis</span> <span class='ocrx_word' id='word_1_85' title='bbox 787 2269 836 2342; x_wconf 89' lang='lat' dir='ltr'>sit</span> <span class='ocrx_word' id='word_1_86' title='bbox 853 2269 987 2342; x_wconf 89' lang='lat' dir='ltr'>modus</span> <span class='ocrx_word' id='word_1_87' title='bbox 1006 2269 1067 2342; x_wconf 87' lang='lat' dir='ltr'>ille</span> <span class='ocrx_word' id='word_1_88' title='bbox 1086 2269 1172 2355; x_wconf 91' lang='lat' dir='ltr'>tuis,</span> <span class='ocrx_word' id='word_1_89' title='bbox 1253 2274 1324 2343; x_wconf 90' lang='grc'>160</span> 
     </span>
     <span class='ocr_line' id='line_1_14' title="bbox 276 2382 1142 2484; baseline 0 -28"><span class='ocrx_word' id='word_1_90' title='bbox 276 2382 537 2484; x_wconf 87' lang='lat' dir='ltr'>Ascaniusque</span> <span class='ocrx_word' id='word_1_91' title='bbox 557 2411 644 2459; x_wconf 92' lang='lat' dir='ltr'>suos</span> <span class='ocrx_word' id='word_1_92' title='bbox 662 2384 822 2459; x_wconf 89' lang='lat' dir='ltr'>seliciter</span> <span class='ocrx_word' id='word_1_93' title='bbox 839 2385 996 2482; x_wconf 88' lang='lat' dir='ltr'>impleat</span> <span class='ocrx_word' id='word_1_94' title='bbox 1013 2402 1142 2468; x_wconf 78' lang='lat' dir='ltr'>annua,</span> 
     </span>
     <span class='ocr_line' id='line_1_15' title="bbox 326 2498 1149 2592; baseline -0.001 -19"><span class='ocrx_word' id='word_1_95' title='bbox 326 2498 377 2574; x_wconf 90' lang='lat' dir='ltr'>Et</span> <span class='ocrx_word' id='word_1_96' title='bbox 394 2503 494 2575; x_wconf 90' lang='lat' dir='ltr'>senis</span> <span class='ocrx_word' id='word_1_97' title='bbox 512 2502 688 2575; x_wconf 82' lang='lat' dir='ltr'>Anchisae</span> <span class='ocrx_word' id='word_1_98' title='bbox 707 2500 870 2573; x_wconf 87' lang='lat' dir='ltr'>molliter</span> <span class='ocrx_word' id='word_1_99' title='bbox 887 2524 976 2573; x_wconf 89' lang='lat' dir='ltr'>ossa</span> <span class='ocrx_word' id='word_1_100' title='bbox 992 2500 1149 2592; x_wconf 88' lang='lat' dir='ltr'>cubent)</span> 
     </span>
    </p>
   </div>
   <div class='ocr_carea' id='block_1_3' title="bbox 225 2709 1325 3954">
    <p class='ocr_par' dir='ltr' id='par_1_3' title="bbox 225 2709 1325 3368">
     <span class='ocr_line' id='line_1_16' title="bbox 274 2709 1322 2774; baseline 0.003 -18"><span class='ocrx_word' id='word_1_101' title='bbox 274 2709 386 2758; x_wconf 69' lang='lat' dir='ltr'>Abstrusa</span> <span class='ocrx_word' id='word_1_102' title='bbox 402 2711 473 2760; x_wconf 85' lang='lat' dir='ltr'>etiam</span> <span class='ocrx_word' id='word_1_103' title='bbox 483 2710 601 2761; x_wconf 82' lang='lat' dir='ltr'>meliores.</span> <span class='ocrx_word' id='word_1_104' title='bbox 634 2712 684 2761; x_wconf 79' lang='lat' dir='ltr'>Alii</span> <span class='ocrx_word' id='word_1_105' title='bbox 695 2711 773 2766; x_wconf 84' lang='lat' dir='ltr'>aliter,</span> <span class='ocrx_word' id='word_1_106' title='bbox 823 2714 1014 2774; x_wconf 63' lang='lat' dir='ltr'>nocturnaeque</span> <span class='ocrx_word' id='word_1_107' title='bbox 1029 2720 1173 2774; x_wconf 75' lang='lat' dir='ltr'>properatum</span> <span class='ocrx_word' id='word_1_108' title='bbox 1183 2721 1224 2760; x_wconf 76' lang='lat' dir='ltr'>eit.</span> <span class='ocrx_word' id='word_1_109' title='bbox 1244 2718 1270 2759; x_wconf 91' lang='lat' dir='ltr'>et</span> <span class='ocrx_word' id='word_1_110' title='bbox 1278 2727 1322 2759; x_wconf 86' lang='lat' dir='ltr'>an·</span> 
     </span>
     <span class='ocr_line' id='line_1_17' title="bbox 274 2781 1325 2849; baseline 0.001 -19"><span class='ocrx_word' id='word_1_111' title='bbox 274 2781 360 2830; x_wconf 84' lang='lat' dir='ltr'>eodem</span> <span class='ocrx_word' id='word_1_112' title='bbox 370 2792 449 2831; x_wconf 71' lang='lat' dir='ltr'>minen</span> <span class='ocrx_word' id='word_1_113' title='bbox 463 2800 545 2832; x_wconf 84' lang='lat' dir='ltr'>omnes</span> <span class='ocrx_word' id='word_1_114' title='bbox 558 2800 628 2833; x_wconf 83' lang='lat' dir='ltr'>sensa</span> <span class='ocrx_word' id='word_1_115' title='bbox 643 2785 707 2833; x_wconf 90' lang='lat' dir='ltr'>bunc</span> <span class='ocrx_word' id='word_1_116' title='bbox 722 2801 773 2841; x_wconf 79' lang='lat' dir='ltr'>ver·</span> <span class='ocrx_word' id='word_1_117' title='bbox 823 2783 909 2848; x_wconf 82' lang='lat' dir='ltr'>tiques,</span> <span class='ocrx_word' id='word_1_118' title='bbox 920 2783 945 2832; x_wconf 90' lang='lat' dir='ltr'>in</span> <span class='ocrx_word' id='word_1_119' title='bbox 956 2784 1037 2849; x_wconf 79' lang='lat' dir='ltr'>primis</span> <span class='ocrx_word' id='word_1_120' title='bbox 1051 2784 1123 2834; x_wconf 85' lang='lat' dir='ltr'>etiam</span> <span class='ocrx_word' id='word_1_121' title='bbox 1135 2785 1237 2839; x_wconf 81' lang='lat' dir='ltr'>AEnean,</span> <span class='ocrx_word' id='word_1_122' title='bbox 1248 2783 1325 2832; x_wconf 79' lang='lat' dir='ltr'>ventis</span> 
     </span>
     <span class='ocr_line' id='line_1_18' title="bbox 275 2855 1323 2923; baseline 0.002 -20"><span class='ocrx_word' id='word_1_123' title='bbox 275 2855 394 2904; x_wconf 75' lang='lat' dir='ltr'>sumlibri</span> <span class='ocrx_word' id='word_1_124' title='bbox 405 2857 525 2906; x_wconf 84' lang='lat' dir='ltr'>exhibent.</span> <span class='ocrx_word' id='word_1_125' title='bbox 541 2858 673 2907; x_wconf 75' lang='lat' dir='ltr'>Heinsius.</span> <span class='ocrx_word' id='word_1_126' title='bbox 698 2858 775 2907; x_wconf 88' lang='lat' dir='ltr'>Immo</span> <span class='ocrx_word' id='word_1_127' title='bbox 823 2858 940 2923; x_wconf 78' lang='lat' dir='ltr'>remisque</span> <span class='ocrx_word' id='word_1_128' title='bbox 959 2857 1082 2921; x_wconf 75' lang='lat' dir='ltr'>navigasse</span> <span class='ocrx_word' id='word_1_129' title='bbox 1098 2856 1169 2906; x_wconf 86' lang='lat' dir='ltr'>docet</span> <span class='ocrx_word' id='word_1_130' title='bbox 1182 2856 1277 2905; x_wconf 82' lang='lat' dir='ltr'>Servius</span> <span class='ocrx_word' id='word_1_131' title='bbox 1292 2857 1323 2905; x_wconf 75' lang='lat' dir='ltr'>cd</span> 
     </span>
     <span class='ocr_line' id='line_1_19' title="bbox 225 2929 1239 2996; baseline 0 -19"><span class='ocrx_word' id='word_1_132' title='bbox 225 2981 229 2988; x_wconf 59' lang='grc'>,</span> <span class='ocrx_word' id='word_1_133' title='bbox 274 2944 332 2978; x_wconf 83' lang='lat' dir='ltr'>vero</span> <span class='ocrx_word' id='word_1_134' title='bbox 341 2929 433 2980; x_wconf 77' lang='lat' dir='ltr'>diverso</span> <span class='ocrx_word' id='word_1_135' title='bbox 443 2947 513 2980; x_wconf 82' lang='lat' dir='ltr'>sensu</span> <span class='ocrx_word' id='word_1_136' title='bbox 527 2929 596 2981; x_wconf 86' lang='lat' dir='ltr'>multi</span> <span class='ocrx_word' id='word_1_137' title='bbox 607 2931 774 2983; x_wconf 82' lang='lat' dir='ltr'>codicesbune</span> <span class='ocrx_word' id='word_1_138' title='bbox 824 2932 909 2996; x_wconf 82' lang='lat' dir='ltr'>Virgil.</span> <span class='ocrx_word' id='word_1_139' title='bbox 920 2931 936 2980; x_wconf 88' lang='lat' dir='ltr'>i.</span> <span class='ocrx_word' id='word_1_140' title='bbox 948 2932 1046 2981; x_wconf 79' lang='lat' dir='ltr'>AEneid.</span> <span class='ocrx_word' id='word_1_141' title='bbox 1059 2934 1115 2980; x_wconf 78' lang='lat'>104.</span> <span class='ocrx_word' id='word_1_142' title='bbox 1149 2932 1239 2979; x_wconf 69' lang='lat' dir='ltr'>Boea.</span> 
     </span>
     <span class='ocr_line' id='line_1_20' title="bbox 274 2997 1324 3072; baseline 0.003 -21"><span class='ocrx_word' id='word_1_143' title='bbox 274 3019 369 3052; x_wconf 79' lang='lat' dir='ltr'>versum</span> <span class='ocrx_word' id='word_1_144' title='bbox 381 3005 503 3055; x_wconf 83' lang='lat' dir='ltr'>exhibent.</span> <span class='ocrx_word' id='word_1_145' title='bbox 520 3022 575 3055; x_wconf 80' lang='lat' dir='ltr'>nain</span> <span class='ocrx_word' id='word_1_146' title='bbox 592 3008 617 3056; x_wconf 92' lang='lat' dir='ltr'>iu</span> <span class='ocrx_word' id='word_1_147' title='bbox 634 2997 773 3072; x_wconf 55' lang='grc'><strong>111315111-</strong></span> <span class='ocrx_word' id='word_1_148' title='bbox 859 3008 913 3055; x_wconf 77' lang='lat'>152.</span> <span class='ocrx_word' id='word_1_149' title='bbox 923 3005 996 3070; x_wconf 71' lang='lat' dir='ltr'>inque</span> <span class='ocrx_word' id='word_1_150' title='bbox 1006 3009 1055 3054; x_wconf 80' lang='lat' dir='ltr'>ioco</span> <span class='ocrx_word' id='word_1_151' title='bbox 1065 3008 1125 3071; x_wconf 79' lang='lat' dir='ltr'>regis</span> <span class='ocrx_word' id='word_1_152' title='bbox 1135 3015 1223 3066; x_wconf 78' lang='lat' dir='ltr'>sceptra</span> <span class='ocrx_word' id='word_1_153' title='bbox 1233 3014 1324 3054; x_wconf 78' lang='lat' dir='ltr'>secroto</span> 
     </span>
     <span class='ocr_line' id='line_1_21' title="bbox 274 3077 1324 3145; baseline 0.002 -19"><span class='ocrx_word' id='word_1_154' title='bbox 274 3077 346 3127; x_wconf 79' lang='lat' dir='ltr'>niano</span> <span class='ocrx_word' id='word_1_155' title='bbox 364 3088 388 3128; x_wconf 87' lang='lat' dir='ltr'>et</span> <span class='ocrx_word' id='word_1_156' title='bbox 405 3095 446 3128; x_wconf 78' lang='lat' dir='ltr'>sex</span> <span class='ocrx_word' id='word_1_157' title='bbox 464 3079 518 3129; x_wconf 79' lang='lat' dir='ltr'>aliis</span> <span class='ocrx_word' id='word_1_158' title='bbox 535 3091 599 3130; x_wconf 83' lang='lat' dir='ltr'>erat:</span> <span class='ocrx_word' id='word_1_159' title='bbox 620 3081 695 3145; x_wconf 75' lang='lat' dir='ltr'>thue</span> <span class='ocrx_word' id='word_1_160' title='bbox 704 3086 774 3145; x_wconf 80' lang='lat' dir='ltr'>juvet</span> <span class='ocrx_word' id='word_1_161' title='bbox 825 3080 896 3143; x_wconf 69' lang='lat' dir='ltr'>tene]</span> <span class='ocrx_word' id='word_1_162' title='bbox 911 3081 962 3144; x_wconf 83' lang='lat' dir='ltr'>Ego</span> <span class='ocrx_word' id='word_1_163' title='bbox 973 3097 1002 3129; x_wconf 85' lang='lat' dir='ltr'>ex</span> <span class='ocrx_word' id='word_1_164' title='bbox 1013 3080 1119 3145; x_wconf 80' lang='lat' dir='ltr'>vestigiis</span> <span class='ocrx_word' id='word_1_165' title='bbox 1130 3078 1253 3128; x_wconf 84' lang='lat' dir='ltr'>Barberini</span> <span class='ocrx_word' id='word_1_166' title='bbox 1264 3079 1324 3128; x_wconf 80' lang='lat' dir='ltr'>Vos-</span> 
     </span>
     <span class='ocr_line' id='line_1_22' title="bbox 273 3152 1274 3220; baseline 0 -20"><span class='ocrx_word' id='word_1_167' title='bbox 273 3163 397 3217; x_wconf 69' lang='lat' dir='ltr'>metuoque</span> <span class='ocrx_word' id='word_1_168' title='bbox 416 3165 476 3211; x_wconf 77' lang='lat' dir='ltr'>tum,</span> <span class='ocrx_word' id='word_1_169' title='bbox 494 3172 610 3220; x_wconf 67' lang='lat' dir='ltr'>rasim</span> <span class='ocrx_word' id='word_1_170' title='bbox 625 3160 725 3205; x_wconf 62' lang='lat' dir='ltr'>cerium.</span> <span class='ocrx_word' id='word_1_171' title='bbox 750 3166 775 3206; x_wconf 81' lang='lat' dir='ltr'>et</span> <span class='ocrx_word' id='word_1_172' title='bbox 824 3152 884 3201; x_wconf 79' lang='lat' dir='ltr'>siam</span> <span class='ocrx_word' id='word_1_173' title='bbox 894 3160 920 3202; x_wconf 82' lang='lat' dir='ltr'>ct</span> <span class='ocrx_word' id='word_1_174' title='bbox 931 3154 1053 3202; x_wconf 67' lang='lat' dir='ltr'>Iaeidensis</span> <span class='ocrx_word' id='word_1_175' title='bbox 1063 3153 1171 3202; x_wconf 86' lang='lat' dir='ltr'>codicum</span> <span class='ocrx_word' id='word_1_176' title='bbox 1181 3152 1274 3219; x_wconf 84' lang='lat' dir='ltr'>recepi:</span> 
     </span>
     <span class='ocr_line' id='line_1_23' title="bbox 273 3225 1324 3295; baseline -0.002 -20"><span class='ocrx_word' id='word_1_177' title='bbox 273 3235 327 3275; x_wconf 82' lang='lat' dir='ltr'>octo</span> <span class='ocrx_word' id='word_1_178' title='bbox 340 3228 381 3276; x_wconf 73' lang='lat' dir='ltr'>alii</span> <span class='ocrx_word' id='word_1_179' title='bbox 397 3228 480 3278; x_wconf 83' lang='lat' dir='ltr'>eodem</span> <span class='ocrx_word' id='word_1_180' title='bbox 494 3228 542 3277; x_wconf 74' lang='lat' dir='ltr'>fere</span> <span class='ocrx_word' id='word_1_181' title='bbox 552 3228 631 3285; x_wconf 84' lang='lat' dir='ltr'>modo,</span> <span class='ocrx_word' id='word_1_182' title='bbox 648 3229 693 3278; x_wconf 74' lang='lat' dir='ltr'>nisi</span> <span class='ocrx_word' id='word_1_183' title='bbox 709 3230 774 3295; x_wconf 89' lang='lat' dir='ltr'>quud</span> <span class='ocrx_word' id='word_1_184' title='bbox 858 3225 978 3290; x_wconf 70' lang='lat' dir='ltr'>Hemone,</span> <span class='ocrx_word' id='word_1_185' title='bbox 1000 3228 1073 3274; x_wconf 70' lang='lat' dir='ltr'>boum</span> <span class='ocrx_word' id='word_1_186' title='bbox 1099 3229 1173 3291; x_wconf 79' lang='lat' dir='ltr'>regui,</span> <span class='ocrx_word' id='word_1_187' title='bbox 1193 3237 1324 3290; x_wconf 73' lang='lat' dir='ltr'>sceptraque</span> 
     </span>
     <span class='ocr_line' id='line_1_24' title="bbox 273 3303 1028 3368; baseline -0.003 -19"><span class='ocrx_word' id='word_1_188' title='bbox 273 3309 646 3368; x_wconf 68' lang='lat' dir='ltr'>metmtmtransponant.</span> <span class='ocrx_word' id='word_1_189' title='bbox 671 3303 774 3353; x_wconf 85' lang='lat' dir='ltr'>Leiden-</span> <span class='ocrx_word' id='word_1_190' title='bbox 890 3309 1028 3348; x_wconf 67' lang='lat' dir='ltr'>materie.</span> 
     </span>
    </p>

    <p class='ocr_par' dir='ltr' id='par_1_4' title="bbox 273 3371 1323 3586">
     <span class='ocr_line' id='line_1_25' title="bbox 273 3371 1323 3439; baseline 0.001 -18"><span class='ocrx_word' id='word_1_191' title='bbox 273 3371 317 3421; x_wconf 74' lang='lat' dir='ltr'>sis:</span> <span class='ocrx_word' id='word_1_192' title='bbox 332 3373 481 3437; x_wconf 71' lang='lat' dir='ltr'>thuejunet</span> <span class='ocrx_word' id='word_1_193' title='bbox 491 3376 607 3439; x_wconf 69' lang='lat' dir='ltr'>seiamque</span> <span class='ocrx_word' id='word_1_194' title='bbox 618 3385 670 3425; x_wconf 81' lang='lat' dir='ltr'>tuus</span> <span class='ocrx_word' id='word_1_195' title='bbox 680 3387 773 3426; x_wconf 70' lang='lat' dir='ltr'>meuc-</span> <span class='ocrx_word' id='word_1_196' title='bbox 825 3372 895 3422; x_wconf 81' lang='lat' dir='ltr'>Hanc</span> <span class='ocrx_word' id='word_1_197' title='bbox 907 3375 998 3429; x_wconf 87' lang='lat' dir='ltr'>urbem,</span> <span class='ocrx_word' id='word_1_198' title='bbox 1010 3389 1057 3422; x_wconf 92' lang='lat' dir='ltr'>non</span> <span class='ocrx_word' id='word_1_199' title='bbox 1070 3371 1323 3438; x_wconf 77' lang='lat' dir='ltr'>illam,qnamiu1u-</span> 
     </span>
     <span class='ocr_line' id='line_1_26' title="bbox 273 3445 1323 3512; baseline 0 -17"><span class='ocrx_word' id='word_1_200' title='bbox 273 3449 425 3508; x_wconf 64' lang='lat' dir='ltr'>peccarium.</span> <span class='ocrx_word' id='word_1_201' title='bbox 451 3447 577 3496; x_wconf 80' lang='lat' dir='ltr'>Scriverii:</span> <span class='ocrx_word' id='word_1_202' title='bbox 600 3448 774 3500; x_wconf 75' lang='lat' dir='ltr'>Utmmsre-</span> <span class='ocrx_word' id='word_1_203' title='bbox 824 3445 962 3512; x_wconf 75' lang='lat' dir='ltr'>linquens,</span> <span class='ocrx_word' id='word_1_204' title='bbox 972 3458 1027 3496; x_wconf 84' lang='lat' dir='ltr'>tene</span> <span class='ocrx_word' id='word_1_205' title='bbox 1038 3446 1115 3495; x_wconf 84' lang='lat' dir='ltr'>locum</span> <span class='ocrx_word' id='word_1_206' title='bbox 1126 3447 1323 3512; x_wconf 82' lang='lat' dir='ltr'>regnitui,et1bi</span> 
     </span>
     <span class='ocr_line' id='line_1_27' title="bbox 273 3520 1194 3586; baseline 0 -18"><span class='ocrx_word' id='word_1_207' title='bbox 273 3535 353 3582; x_wconf 73' lang='lat' dir='ltr'>meque</span> <span class='ocrx_word' id='word_1_208' title='bbox 372 3531 424 3568; x_wconf 74' lang='lat' dir='ltr'>tuci</span> <span class='ocrx_word' id='word_1_209' title='bbox 438 3531 545 3584; x_wconf 71' lang='lat' dir='ltr'>ventoque</span> <span class='ocrx_word' id='word_1_210' title='bbox 562 3524 662 3570; x_wconf 68' lang='lat' dir='ltr'>curiana</span> <span class='ocrx_word' id='word_1_211' title='bbox 686 3524 711 3571; x_wconf 91' lang='lat' dir='ltr'>in</span> <span class='ocrx_word' id='word_1_212' title='bbox 727 3524 774 3574; x_wconf 83' lang='lat' dir='ltr'>alio</span> <span class='ocrx_word' id='word_1_213' title='bbox 823 3528 916 3586; x_wconf 76' lang='lat' dir='ltr'>seepua</span> <span class='ocrx_word' id='word_1_214' title='bbox 926 3520 1074 3570; x_wconf 81' lang='lat' dir='ltr'>sacmbabe.</span> <span class='ocrx_word' id='word_1_215' title='bbox 1106 3520 1194 3568; x_wconf 74' lang='lat' dir='ltr'>Buau.</span> 
     </span>
    </p>

    <p class='ocr_par' dir='ltr' id='par_1_5' title="bbox 273 3592 1325 3807">
     <span class='ocr_line' id='line_1_28' title="bbox 273 3592 1325 3657; baseline 0.001 -17"><span class='ocrx_word' id='word_1_216' title='bbox 273 3602 342 3641; x_wconf 76' lang='lat' dir='ltr'>erat:</span> <span class='ocrx_word' id='word_1_217' title='bbox 364 3592 438 3657; x_wconf 65' lang='lat' dir='ltr'>thue</span> <span class='ocrx_word' id='word_1_218' title='bbox 453 3596 512 3642; x_wconf 79' lang='lat' dir='ltr'>votet</span> <span class='ocrx_word' id='word_1_219' title='bbox 529 3610 645 3657; x_wconf 74' lang='lat' dir='ltr'>nmuique</span> <span class='ocrx_word' id='word_1_220' title='bbox 662 3599 709 3644; x_wconf 76' lang='lat' dir='ltr'>tuis</span> <span class='ocrx_word' id='word_1_221' title='bbox 718 3614 773 3646; x_wconf 81' lang='lat' dir='ltr'>ven·</span> <span class='ocrx_word' id='word_1_222' title='bbox 858 3596 914 3644; x_wconf 81' lang='grc'><strong>155.</strong></span> <span class='ocrx_word' id='word_1_223' title='bbox 934 3595 1005 3649; x_wconf 79' lang='lat' dir='ltr'>Quem</span> <span class='ocrx_word' id='word_1_224' title='bbox 1017 3594 1129 3657; x_wconf 62' lang='lat' dir='ltr'>superea]</span> <span class='ocrx_word' id='word_1_225' title='bbox 1149 3594 1215 3647; x_wconf 74' lang='lat' dir='ltr'>Quod</span> <span class='ocrx_word' id='word_1_226' title='bbox 1224 3603 1325 3655; x_wconf 76' lang='lat' dir='ltr'>superest</span> 
     </span>
     <span class='ocr_line' id='line_1_29' title="bbox 273 3667 1324 3731; baseline -0.002 -15"><span class='ocrx_word' id='word_1_227' title='bbox 273 3670 456 3731; x_wconf 62' lang='lat' dir='ltr'>maurina.</span> <span class='ocrx_word' id='word_1_228' title='bbox 473 3677 500 3717; x_wconf 86' lang='lat' dir='ltr'>ut</span> <span class='ocrx_word' id='word_1_229' title='bbox 510 3670 569 3718; x_wconf 72' lang='lat' dir='ltr'>nolet</span> <span class='ocrx_word' id='word_1_230' title='bbox 578 3671 666 3718; x_wconf 78' lang='lat' dir='ltr'>carinis</span> <span class='ocrx_word' id='word_1_231' title='bbox 678 3670 710 3719; x_wconf 80' lang='lat' dir='ltr'>sit</span> <span class='ocrx_word' id='word_1_232' title='bbox 724 3670 773 3720; x_wconf 89' lang='lat' dir='ltr'>dic·</span> <span class='ocrx_word' id='word_1_233' title='bbox 824 3668 959 3717; x_wconf 83' lang='lat' dir='ltr'>Puteaneus</span> <span class='ocrx_word' id='word_1_234' title='bbox 968 3678 993 3717; x_wconf 88' lang='lat' dir='ltr'>et</span> <span class='ocrx_word' id='word_1_235' title='bbox 1004 3668 1044 3717; x_wconf 85' lang='lat' dir='ltr'>alii</span> <span class='ocrx_word' id='word_1_236' title='bbox 1055 3684 1085 3717; x_wconf 86' lang='lat' dir='ltr'>ex</span> <span class='ocrx_word' id='word_1_237' title='bbox 1093 3667 1237 3715; x_wconf 80' lang='lat' dir='ltr'>melioribus.</span> <span class='ocrx_word' id='word_1_238' title='bbox 1254 3668 1324 3715; x_wconf 79' lang='lat' dir='ltr'>Forte</span> 
     </span>
     <span class='ocr_line' id='line_1_30' title="bbox 273 3739 1200 3807; baseline -0.004 -18"><span class='ocrx_word' id='word_1_239' title='bbox 273 3748 333 3798; x_wconf 89' lang='lat' dir='ltr'>tum,</span> <span class='ocrx_word' id='word_1_240' title='bbox 344 3750 371 3789; x_wconf 90' lang='lat' dir='ltr'>nt</span> <span class='ocrx_word' id='word_1_241' title='bbox 387 3743 460 3790; x_wconf 72' lang='lat' dir='ltr'>eliciet</span> <span class='ocrx_word' id='word_1_242' title='bbox 473 3743 538 3798; x_wconf 78' lang='lat' dir='ltr'>nelle,</span> <span class='ocrx_word' id='word_1_243' title='bbox 549 3757 591 3807; x_wconf 82' lang='lat' dir='ltr'>pro</span> <span class='ocrx_word' id='word_1_244' title='bbox 608 3742 695 3800; x_wconf 82' lang='lat' dir='ltr'>favere,</span> <span class='ocrx_word' id='word_1_245' title='bbox 712 3745 773 3794; x_wconf 85' lang='lat' dir='ltr'>Stat.</span> <span class='ocrx_word' id='word_1_246' title='bbox 825 3740 885 3794; x_wconf 75' lang='lat' dir='ltr'>int</span> <span class='ocrx_word' id='word_1_247' title='bbox 895 3751 985 3804; x_wconf 66' lang='lat' dir='ltr'>nepem</span> <span class='ocrx_word' id='word_1_248' title='bbox 996 3743 1075 3789; x_wconf 69' lang='lat' dir='ltr'>bonu.</span> <span class='ocrx_word' id='word_1_249' title='bbox 1108 3739 1200 3786; x_wconf 74' lang='lat' dir='ltr'>Heius.</span> 
     </span>
    </p>

    <p class='ocr_par' dir='ltr' id='par_1_6' title="bbox 273 3809 1324 3954">
     <span class='ocr_line' id='line_1_31' title="bbox 273 3809 1324 3875; baseline -0.004 -14"><span class='ocrx_word' id='word_1_250' title='bbox 273 3812 307 3862; x_wconf 81' lang='lat' dir='ltr'>xi.</span> <span class='ocrx_word' id='word_1_251' title='bbox 316 3814 394 3863; x_wconf 81' lang='lat' dir='ltr'>Theb.</span> <span class='ocrx_word' id='word_1_252' title='bbox 406 3816 464 3865; x_wconf 87' lang='grc'><strong>510.</strong></span> <span class='ocrx_word' id='word_1_253' title='bbox 476 3824 502 3865; x_wconf 93' lang='lat' dir='ltr'>et</span> <span class='ocrx_word' id='word_1_254' title='bbox 510 3815 716 3874; x_wconf 82' lang='lat' dir='ltr'>dubitovalde,an</span> <span class='ocrx_word' id='word_1_255' title='bbox 727 3835 774 3868; x_wconf 87' lang='lat' dir='ltr'>non</span> <span class='ocrx_word' id='word_1_256' title='bbox 856 3816 914 3865; x_wconf 89' lang='grc'><strong>157.</strong></span> <span class='ocrx_word' id='word_1_257' title='bbox 932 3815 968 3862; x_wconf 80' lang='lat' dir='ltr'>Tu</span> <span class='ocrx_word' id='word_1_258' title='bbox 983 3818 1047 3863; x_wconf 75' lang='lat' dir='ltr'>modo</span> <span class='ocrx_word' id='word_1_259' title='bbox 1061 3828 1103 3875; x_wconf 79' lang='lat' dir='ltr'>per</span> <span class='ocrx_word' id='word_1_260' title='bbox 1120 3809 1232 3873; x_wconf 60' lang='lat' dir='ltr'>patrm]</span> <span class='ocrx_word' id='word_1_261' title='bbox 1256 3810 1324 3858; x_wconf 84' lang='lat' dir='ltr'>Hen-</span> 
     </span>
     <span class='ocr_line' id='line_1_32' title="bbox 274 3884 1323 3954; baseline -0.005 -18"><span class='ocrx_word' id='word_1_262' title='bbox 274 3886 305 3935; x_wconf 73' lang='lat' dir='ltr'>ad</span> <span class='ocrx_word' id='word_1_263' title='bbox 322 3903 418 3937; x_wconf 78' lang='lat' dir='ltr'>sensum</span> <span class='ocrx_word' id='word_1_264' title='bbox 435 3888 632 3937; x_wconf 78' lang='lat' dir='ltr'>accommodatior</span> <span class='ocrx_word' id='word_1_265' title='bbox 652 3888 683 3938; x_wconf 83' lang='lat' dir='ltr'>sit</span> <span class='ocrx_word' id='word_1_266' title='bbox 703 3889 774 3954; x_wconf 83' lang='lat' dir='ltr'>Regii</span> <span class='ocrx_word' id='word_1_267' title='bbox 823 3903 925 3937; x_wconf 83' lang='lat' dir='ltr'>manuus</span> <span class='ocrx_word' id='word_1_268' title='bbox 934 3888 959 3936; x_wconf 90' lang='lat' dir='ltr'>in</span> <span class='ocrx_word' id='word_1_269' title='bbox 970 3889 1067 3951; x_wconf 80' lang='lat' dir='ltr'>Parerg.</span> <span class='ocrx_word' id='word_1_270' title='bbox 1080 3884 1184 3934; x_wconf 81' lang='lat' dir='ltr'>criticis.</span> <span class='ocrx_word' id='word_1_271' title='bbox 1195 3899 1252 3949; x_wconf 84' lang='lat' dir='ltr'>pag.</span> <span class='ocrx_word' id='word_1_272' title='bbox 1266 3885 1323 3932; x_wconf 85' lang='grc'><strong>118.</strong></span> 
     </span>
    </p>
   </div>
   <div class='ocr_carea' id='block_1_4' title="bbox 159 3959 895 4029">
    <p class='ocr_par' dir='ltr' id='par_1_7' title="bbox 159 3959 895 4029">
     <span class='ocr_line' id='line_1_33' title="bbox 159 3959 895 4029; baseline 0.001 -21"><span class='ocrx_word' id='word_1_273' title='bbox 159 3963 167 3980; x_wconf 82' lang='grc'><strong>“</strong></span> <span class='ocrx_word' id='word_1_274' title='bbox 274 3959 363 4009; x_wconf 77' lang='lat' dir='ltr'>codicia</span> <span class='ocrx_word' id='word_1_275' title='bbox 378 3959 505 4025; x_wconf 79' lang='lat' dir='ltr'>scriptura.</span> <span class='ocrx_word' id='word_1_276' title='bbox 522 3970 549 4010; x_wconf 84' lang='lat' dir='ltr'>nt</span> <span class='ocrx_word' id='word_1_277' title='bbox 565 3960 633 4017; x_wconf 82' lang='lat' dir='ltr'>velit,</span> <span class='ocrx_word' id='word_1_278' title='bbox 643 3961 699 4010; x_wconf 85' lang='lat' dir='ltr'>iicet</span> <span class='ocrx_word' id='word_1_279' title='bbox 710 3979 774 4029; x_wconf 79' lang='lat' dir='ltr'>pros-</span> <span class='ocrx_word' id='word_1_280' title='bbox 823 3960 895 4026; x_wconf 82' lang='lat' dir='ltr'>legit:</span> 
     </span>
    </p>
   </div>
   <div class='ocr_carea' id='block_1_5' title="bbox 273 4029 1325 4674">
    <p class='ocr_par' dir='ltr' id='par_1_8' title="bbox 273 4029 1325 4100">
     <span class='ocr_line' id='line_1_34' title="bbox 273 4029 1325 4100; baseline -0.007 -17"><span class='ocrx_word' id='word_1_281' title='bbox 273 4033 774 4100; x_wconf 76' lang='lat' dir='ltr'>perrimautasisuauigatione,vi1tamen</span> <span class='ocrx_word' id='word_1_282' title='bbox 858 4034 894 4082; x_wconf 84' lang='lat' dir='ltr'>Tu</span> <span class='ocrx_word' id='word_1_283' title='bbox 914 4036 978 4081; x_wconf 77' lang='lat' dir='ltr'>mode</span> <span class='ocrx_word' id='word_1_284' title='bbox 994 4032 1040 4097; x_wconf 80' lang='lat' dir='ltr'>ser</span> <span class='ocrx_word' id='word_1_285' title='bbox 1056 4041 1155 4092; x_wconf 80' lang='lat' dir='ltr'>patrem,</span> <span class='ocrx_word' id='word_1_286' title='bbox 1168 4029 1325 4093; x_wconf 72' lang='lat' dir='ltr'>fratemaque</span> 
     </span>
    </p>

    <p class='ocr_par' dir='ltr' id='par_1_9' title="bbox 274 4107 1081 4174">
     <span class='ocr_line' id='line_1_35' title="bbox 274 4107 1081 4174; baseline 0.005 -19"><span class='ocrx_word' id='word_1_287' title='bbox 274 4108 396 4171; x_wconf 80' lang='lat' dir='ltr'>pervenies</span> <span class='ocrx_word' id='word_1_288' title='bbox 407 4107 432 4156; x_wconf 88' lang='lat' dir='ltr'>in</span> <span class='ocrx_word' id='word_1_289' title='bbox 444 4120 538 4164; x_wconf 80' lang='lat' dir='ltr'>terram,</span> <span class='ocrx_word' id='word_1_290' title='bbox 549 4124 621 4173; x_wconf 86' lang='lat' dir='ltr'>quem</span> <span class='ocrx_word' id='word_1_291' title='bbox 638 4109 707 4174; x_wconf 81' lang='lat' dir='ltr'>petis,</span> <span class='ocrx_word' id='word_1_292' title='bbox 718 4119 774 4159; x_wconf 85' lang='lat' dir='ltr'>ante</span> <span class='ocrx_word' id='word_1_293' title='bbox 920 4108 967 4153; x_wconf 68' lang='lat' dir='ltr'>tem</span> <span class='ocrx_word' id='word_1_294' title='bbox 976 4107 1081 4168; x_wconf 74' lang='lat' dir='ltr'>sagittus,</span> 
     </span>
    </p>

    <p class='ocr_par' dir='ltr' id='par_1_10' title="bbox 274 4176 1157 4248">
     <span class='ocr_line' id='line_1_36' title="bbox 274 4176 1157 4248; baseline -0.01 -19"><span class='ocrx_word' id='word_1_295' title='bbox 274 4190 429 4231; x_wconf 66' lang='lat' dir='ltr'>nuecmtem.</span> <span class='ocrx_word' id='word_1_296' title='bbox 451 4182 604 4231; x_wconf 81' lang='lat' dir='ltr'>Jueurevero</span> <span class='ocrx_word' id='word_1_297' title='bbox 615 4183 705 4248; x_wconf 78' lang='lat' dir='ltr'>proprie</span> <span class='ocrx_word' id='word_1_298' title='bbox 717 4200 774 4233; x_wconf 73' lang='lat' dir='ltr'>ven.</span> <span class='ocrx_word' id='word_1_299' title='bbox 891 4177 1050 4241; x_wconf 76' lang='lat' dir='ltr'>Ferquefiigae</span> <span class='ocrx_word' id='word_1_300' title='bbox 1061 4176 1157 4222; x_wconf 79' lang='lat' dir='ltr'>omnites.</span> 
     </span>
    </p>

    <p class='ocr_par' dir='ltr' id='par_1_11' title="bbox 274 4247 1323 4321">
     <span class='ocr_line' id='line_1_37' title="bbox 274 4247 1323 4321; baseline -0.007 -19"><span class='ocrx_word' id='word_1_301' title='bbox 274 4261 313 4302; x_wconf 79' lang='lat' dir='ltr'>tus</span> <span class='ocrx_word' id='word_1_302' title='bbox 321 4254 416 4312; x_wconf 83' lang='lat' dir='ltr'>dicitur,</span> <span class='ocrx_word' id='word_1_303' title='bbox 427 4265 454 4304; x_wconf 87' lang='lat' dir='ltr'>nt</span> <span class='ocrx_word' id='word_1_304' title='bbox 467 4271 532 4321; x_wconf 76' lang='lat' dir='ltr'>saepe</span> <span class='ocrx_word' id='word_1_305' title='bbox 547 4256 610 4320; x_wconf 83' lang='lat' dir='ltr'>apud</span> <span class='ocrx_word' id='word_1_306' title='bbox 625 4257 739 4306; x_wconf 83' lang='lat' dir='ltr'>Nostrum</span> <span class='ocrx_word' id='word_1_307' title='bbox 750 4267 775 4306; x_wconf 84' lang='lat' dir='ltr'>et</span> <span class='ocrx_word' id='word_1_308' title='bbox 823 4254 855 4301; x_wconf 88' lang='lat' dir='ltr'>Et</span> <span class='ocrx_word' id='word_1_309' title='bbox 863 4252 910 4317; x_wconf 79' lang='lat' dir='ltr'>ser</span> <span class='ocrx_word' id='word_1_310' title='bbox 919 4267 962 4316; x_wconf 88' lang='lat' dir='ltr'>pro</span> <span class='ocrx_word' id='word_1_311' title='bbox 975 4249 1038 4315; x_wconf 54' lang='grc' dir='ltr'>νῷν</span> <span class='ocrx_word' id='word_1_312' title='bbox 1047 4248 1121 4314; x_wconf 82' lang='lat' dir='ltr'>capit.</span> <span class='ocrx_word' id='word_1_313' title='bbox 1138 4247 1180 4296; x_wconf 77' lang='lat' dir='ltr'>ced</span> <span class='ocrx_word' id='word_1_314' title='bbox 1191 4262 1222 4295; x_wconf 84' lang='lat' dir='ltr'>au</span> <span class='ocrx_word' id='word_1_315' title='bbox 1232 4259 1323 4313; x_wconf 79' lang='lat' dir='ltr'>repete·</span> 
     </span>
    </p>

    <p class='ocr_par' dir='ltr' id='par_1_12' title="bbox 276 4322 1323 4467">
     <span class='ocr_line' id='line_1_38' title="bbox 276 4322 1323 4390; baseline -0.005 -14"><span class='ocrx_word' id='word_1_316' title='bbox 276 4326 342 4376; x_wconf 77' lang='lat' dir='ltr'>alios.</span> <span class='ocrx_word' id='word_1_317' title='bbox 364 4328 500 4378; x_wconf 70' lang='lat' dir='ltr'>vmmac.</span> <span class='ocrx_word' id='word_1_318' title='bbox 512 4328 608 4378; x_wconf 72' lang='grc'><strong>115117.</strong></span> <span class='ocrx_word' id='word_1_319' title='bbox 824 4336 860 4375; x_wconf 84' lang='lat' dir='ltr'>ret</span> <span class='ocrx_word' id='word_1_320' title='bbox 877 4324 951 4390; x_wconf 79' lang='lat' dir='ltr'>patris</span> <span class='ocrx_word' id='word_1_321' title='bbox 964 4340 1018 4373; x_wconf 83' lang='lat' dir='ltr'>ossa</span> <span class='ocrx_word' id='word_1_322' title='bbox 1032 4339 1062 4373; x_wconf 80' lang='lat' dir='ltr'>ex</span> <span class='ocrx_word' id='word_1_323' title='bbox 1079 4322 1176 4370; x_wconf 81' lang='lat' dir='ltr'>Siciliai</span> <span class='ocrx_word' id='word_1_324' title='bbox 1191 4337 1247 4386; x_wconf 82' lang='lat' dir='ltr'>ergo</span> <span class='ocrx_word' id='word_1_325' title='bbox 1259 4323 1323 4388; x_wconf 72' lang='lat' dir='ltr'>prius</span> 
     </span>
     <span class='ocr_line' id='line_1_39' title="bbox 309 4396 1323 4467; baseline 0.001 -20"><span class='ocrx_word' id='word_1_326' title='bbox 309 4401 474 4467; x_wconf 69' lang='lat' dir='ltr'>Stridentesque</span> <span class='ocrx_word' id='word_1_327' title='bbox 477 4406 567 4466; x_wconf 78' lang='lat' dir='ltr'>jacent</span> <span class='ocrx_word' id='word_1_328' title='bbox 577 4420 651 4451; x_wconf 69' lang='lat' dir='ltr'>aare.</span> <span class='ocrx_word' id='word_1_329' title='bbox 823 4399 929 4449; x_wconf 81' lang='lat' dir='ltr'>Siciliam</span> <span class='ocrx_word' id='word_1_330' title='bbox 946 4398 1043 4447; x_wconf 85' lang='lat' dir='ltr'>tendere</span> <span class='ocrx_word' id='word_1_331' title='bbox 1062 4396 1181 4446; x_wconf 79' lang='lat' dir='ltr'>debebati</span> <span class='ocrx_word' id='word_1_332' title='bbox 1201 4407 1225 4445; x_wconf 89' lang='lat' dir='ltr'>et</span> <span class='ocrx_word' id='word_1_333' title='bbox 1245 4398 1323 4463; x_wconf 80' lang='lat' dir='ltr'>qualis</span> 
     </span>
    </p>

    <p class='ocr_par' dir='ltr' id='par_1_13' title="bbox 277 4470 1323 4541">
     <span class='ocr_line' id='line_1_40' title="bbox 277 4470 1323 4541; baseline -0.001 -20"><span class='ocrx_word' id='word_1_334' title='bbox 277 4474 326 4522; x_wconf 88' lang='lat' dir='ltr'>Ubi</span> <span class='ocrx_word' id='word_1_335' title='bbox 335 4476 403 4541; x_wconf 77' lang='lat' dir='ltr'>pinta</span> <span class='ocrx_word' id='word_1_336' title='bbox 414 4479 556 4536; x_wconf 83' lang='lat' dir='ltr'>notabimus.</span> <span class='ocrx_word' id='word_1_337' title='bbox 575 4480 638 4526; x_wconf 82' lang='lat' dir='ltr'>venti</span> <span class='ocrx_word' id='word_1_338' title='bbox 654 4486 733 4525; x_wconf 84' lang='lat' dir='ltr'>autem</span> <span class='ocrx_word' id='word_1_339' title='bbox 742 4486 775 4526; x_wconf 81' lang='lat' dir='ltr'>et</span> <span class='ocrx_word' id='word_1_340' title='bbox 824 4474 876 4522; x_wconf 75' lang='lat' dir='ltr'>bec</span> <span class='ocrx_word' id='word_1_341' title='bbox 886 4471 1029 4540; x_wconf 73' lang='lat' dir='ltr'>consociatio</span> <span class='ocrx_word' id='word_1_342' title='bbox 1039 4470 1126 4519; x_wconf 86' lang='lat' dir='ltr'>ossium</span> <span class='ocrx_word' id='word_1_343' title='bbox 1133 4481 1291 4536; x_wconf 82' lang='lat' dir='ltr'>paternomm,</span> <span class='ocrx_word' id='word_1_344' title='bbox 1297 4482 1323 4520; x_wconf 88' lang='lat' dir='ltr'>et</span> 
     </span>
    </p>

    <p class='ocr_par' dir='ltr' id='par_1_14' title="bbox 275 4543 1193 4615">
     <span class='ocr_line' id='line_1_41' title="bbox 275 4543 1193 4615; baseline 0 -20"><span class='ocrx_word' id='word_1_345' title='bbox 275 4551 333 4595; x_wconf 77' lang='lat' dir='ltr'>remi</span> <span class='ocrx_word' id='word_1_346' title='bbox 343 4549 410 4600; x_wconf 75' lang='lat' dir='ltr'>toties</span> <span class='ocrx_word' id='word_1_347' title='bbox 415 4552 558 4615; x_wconf 85' lang='lat' dir='ltr'>junguntur,</span> <span class='ocrx_word' id='word_1_348' title='bbox 569 4559 596 4599; x_wconf 85' lang='lat' dir='ltr'>ut</span> <span class='ocrx_word' id='word_1_349' title='bbox 607 4550 729 4615; x_wconf 82' lang='lat' dir='ltr'>proverbio</span> <span class='ocrx_word' id='word_1_350' title='bbox 740 4552 774 4599; x_wconf 89' lang='lat' dir='ltr'>lo·</span> <span class='ocrx_word' id='word_1_351' title='bbox 824 4548 924 4597; x_wconf 83' lang='lat' dir='ltr'>telorum</span> <span class='ocrx_word' id='word_1_352' title='bbox 931 4543 1071 4613; x_wconf 64' lang='lat' dir='ltr'>Cupidinis?</span> <span class='ocrx_word' id='word_1_353' title='bbox 1102 4546 1193 4595; x_wconf 71' lang='lat' dir='ltr'>Busa.</span> 
     </span>
    </p>

    <p class='ocr_par' dir='ltr' id='par_1_15' title="bbox 275 4622 776 4674">
     <span class='ocr_line' id='line_1_42' title="bbox 275 4622 776 4674; baseline 0.006 -4"><span class='ocrx_word' id='word_1_354' title='bbox 275 4622 457 4674; x_wconf 81' lang='lat' dir='ltr'>camdederint.</span> <span class='ocrx_word' id='word_1_355' title='bbox 475 4624 509 4673; x_wconf 83' lang='lat' dir='ltr'>sie</span> <span class='ocrx_word' id='word_1_356' title='bbox 521 4623 640 4674; x_wconf 72' lang='lat' dir='ltr'>Florenti.</span> <span class='ocrx_word' id='word_1_357' title='bbox 655 4624 695 4673; x_wconf 81' lang='lat' dir='ltr'>la.</span> <span class='ocrx_word' id='word_1_358' title='bbox 720 4625 776 4674; x_wconf 73' lang='lat' dir='ltr'>Mos</span> 
     </span>
    </p>
   </div>
   <div class='ocr_carea' id='block_1_6' title="bbox 0 0 1804 5925">
    <p class='ocr_par' dir='ltr' id='par_1_16' title="bbox 0 0 1804 5925">
     <span class='ocr_line' id='line_1_43' title="bbox 0 0 1804 5925; baseline 0 0"><span class='ocrx_word' id='word_1_359' title='bbox 0 0 1804 5925; x_wconf 95' lang='lat' dir='ltr'> </span> 
     </span>
    </p>
   </div>
  </div>
 </body>
</html>
