3600 5925
575 772 794 838 AMORUM.
837 771 928 836 LIB.
946 772 974 835 Ι.
995 772 1027 835 9.
1262 768 1327 835 325

644 1097 869 1191 ninom
908 1096 979 1169 rx,

293 1272 433 1348 Militat
448 1272 568 1347 omnis
586 1295 727 1359 amous,
746 1283 785 1346 et
801 1273 916 1346 habet
932 1294 1001 1345 sua
1018 1279 1141 1343 castra
1158 1267 1324 1366 Cupido:

340 1390 479 1476 Attice,
497 1388 608 1463 erede
624 1389 736 1477 mihi3
764 1389 899 1462 militat
915 1387 1035 1462 omnis
1053 1409 1194 1460 amaus.

292 1503 386 1589 Quae
413 1506 512 1580 bello
539 1515 598 1579 est
626 1504 773 1592 habilis,
798 1503 935 1577 Veneri
962 1525 1114 1601 quoque
1142 1499 1326 1583 convenit,

342 1620 467 1720 Turpe
484 1644 601 1694 senex
619 1620 738 1706 miles,
756 1631 865 1717 turpe
883 1618 1010 1691 senilis
1027 1640 1142 1690 amor.
1207 1618 1325 1711 [aetas.

293 1734 398 1818 Quos
415 1737 557 1835 petiere
574 1735 690 1809 duces
708 1758 825 1808 annos
842 1734 880 1806 in
898 1733 1016 1806 milite
1032 1731 1130 1817 forti,
1306 1736 1329 1803 5

343 1849 425 1925 Hos
442 1852 537 1950 petit
554 1851 592 1924 in
609 1852 711 1925 socio
729 1851 830 1924 bella
846 1850 972 1950 puella
987 1859 1081 1923 toro.
1196 1930 1198 1939 ,

293 1965 522 2063 Pervigilant
538 1968 670 2041 ambo:
698 1966 797 2040 terri
813 1965 1017 2062 requiescit
1034 1975 1203 2062 uterque.

344 2081 413 2155 Ille
431 2080 527 2156 sores
545 2082 704 2156 dominae
722 2090 856 2168 servat,
877 2091 916 2154 at
932 2080 994 2154 ille
1011 2080 1131 2153 ducis.

295 2195 428 2270 Militis
446 2199 606 2271 officium
624 2198 736 2294 longa
752 2208 811 2271 est
827 2196 898 2269 via.
926 2197 1032 2269 mitte
1050 2195 1230 2293 puellam3

342 2312 538 2399 Strenuus,
557 2323 707 2387 exemto
724 2313 810 2400 fine,
829 2322 1008 2409 sequetur
1025 2334 1168 2384 amans.
1288 2313 1332 2380 10

294 2425 371 2501 Ibit
387 2429 425 2501 in
442 2430 617 2503 adversos
636 2440 794 2515 montem
812 2429 1081 2527 duplicataque
1099 2427 1227 2500 nimbo

344 2542 536 2618 Flumina:
564 2554 762 2641 congestas
780 2555 927 2618 exteret
944 2544 1005 2616 iile
1023 2543 1140 2617 nives.

295 2657 378 2733 Nec
395 2658 491 2734 freta
506 2683 703 2758 pressurus
720 2661 884 2735 tumidos
898 2658 1134 2733 caussabitnr
1152 2656 1292 2743 Euros3

346 2773 493 2872 Aptove
509 2775 699 2849 verrendis
716 2776 840 2851 sidera
855 2784 1000 2873 quaeret
1016 2773 1137 2872 equis.

328 2978 354 3025 2.
372 2976 470 3040 Attia]
487 2970 558 3027 Hunc
571 2977 680 3026 eumdem
691 2993 751 3036 esee,
761 2978 792 3027 ed
842 2978 886 3027 liee
906 2977 970 3028 enim
986 2977 1066 3027 Pone
1084 2984 1183 3032 montes,
1200 2974 1297 3023 flumine
1312 2983 1337 3023 et

295 3066 368 3114 quem
378 3050 480 3099 Ovidius
489 3051 607 3116 Epistola
621 3067 651 3100 ex
661 3052 738 3101 Ponto
747 3052 791 3101 lib.
842 3052 890 3101 elie
907 3052 960 3100 loce
969 3055 1062 3101 adrem
1073 3059 1167 3107 vocent,
1177 3047 1209 3097 ed
1224 3065 1277 3114 qun
1293 3048 1338 3098 iter

295 3124 322 3172 ii.
332 3125 357 3173 t.
369 3133 394 3173 et
405 3125 428 3173 7.
436 3124 509 3180 misit,
516 3125 704 3182 ceoretMerius,
715 3141 792 3191 neque
841 3126 980 3182 intenditur,
992 3142 1045 3190 qun
1056 3123 1123 3190 qnasi
1140 3122 1207 3173 nobis
1217 3122 1288 3172 obvia
1297 3139 1338 3172 ve·

294 3198 380 3254 habeo,
391 3213 438 3262 qno
456 3196 481 3246 id
497 3198 643 3263 impugnem,
659 3197 717 3247 lieet
732 3198 792 3248 mihi
841 3202 920 3251 ninnt.
953 3201 1043 3249 Boux.

295 3270 326 3321 de
337 3270 469 3320 hocAttioo
479 3286 562 3337 parum
572 3280 674 3322 constet.
691 3272 791 3322 reditu·
876 3276 916 3323 12.
943 3274 1063 3339 congestat
1082 3272 1336 3336 constrictionem]

295 3359 384 3409 pontu,
393 3351 419 3394 et
430 3345 541 3411 temporie
550 3345 626 3394 omnio
636 3346 738 3396 Romani
754 3348 790 3412 ig·
838 3349 937 3398 Erunt
959 3347 1077 3396 melioret.
1104 3354 1131 3394 nt
1154 3345 1217 3412 apud
1237 3347 1338 3396 starium

294 3418 435 3473 potentium,
457 3434 504 3483 que
521 3434 547 3466 oe
566 3418 698 3485 Crispinus,
717 3420 793 3470 editor
840 3424 917 3473 Theb.
927 3441 953 3472 r.
964 3424 1023 3472 473.

296 3489 401 3539 Neronis
411 3491 513 3540 inunum
519 3491 641 3557 dehhi,
651 3493 794 3552 nobilitavit,
873 3526 940 3537 —-
951 3497 1035 3547 Gravi
1044 3499 1127 3546 merit
1134 3507 1200 3546 ortus
1214 3496 1317 3562 Ungula.

295 3562 443 3612 mirerieetie
454 3566 793 3632 nonpoeeum,quihuuoeeee
1215 3571 1306 3622 unx..

296 3636 327 3684 T.
339 3636 493 3703 Pomponium
510 3639 625 3696 Atticum,
636 3641 745 3690 Ciceroni
758 3642 792 3691 fn·
843 3646 882 3697 De
893 3662 950 3696 voce
963 3657 1062 3696 merere
1071 3646 1125 3694 vide
1139 3645 1223 3694 Barth.
1234 3646 1265 3694 ed
1280 3649 1340 3696 Stet.

298 3710 489 3768 militrissimum.
511 3712 654 3764 cvnfidenter
677 3715 793 3763 tffirmat:
843 3721 955 3770 x.Theb.
970 3722 1026 3769 ⁴72.
1044 3727 1069 3767 et
1084 3720 1190 3768 Gronov.
1208 3719 1238 3766 ad
1254 3720 1339 3769 Senec.

299 3801 376 3851 neque
384 3786 517 3835 enimnorit
525 3787 680 3853 Pomponium
687 3787 793 3836 Atticum
844 3792 874 3841 de
884 3793 968 3842 brevit.
979 3794 1033 3842 vite
1049 3808 1102 3857 cap.
1115 3792 1153 3840 13.
1163 3795 1276 3854 conjector
1287 3808 1341 3841 vero

297 3860 383 3910 obtine
402 3860 449 3910 Cn.
468 3860 574 3910 Domitio
592 3861 623 3911 C.
641 3860 707 3910 smio
725 3860 794 3910 eon.
844 3874 996 3931 etcongeoeue
1012 3864 1099 3931 pueim
1114 3864 1341 3931 permutantnreli-
1397 3921 1402 3932 .

296 3944 356 3985 teste
374 3936 467 4001 Nepote
479 3935 529 3984 vite
543 3934 620 3985 Attio.
636 3951 691 4001 etp.
707 3935 753 3983 ult.
771 3934 795 3984 id
845 3938 938 3987 breriis.
971 3939 1060 3988 Bou.

298 4010 796 4074 erA.U.c.1›ccm.vernoenu.qu0
879 4013 919 4060 13.
944 4011 1085 4075 Pretium]
1107 4011 1147 4059 An
1163 4026 1263 4072 prem
1273 4011 1341 4076 freto

297 4095 401 4150 tempore
412 4083 516 4135 Ovidius
531 4081 683 4132 undecimum
696 4083 743 4132 t'ere
754 4099 795 4132 an·
845 4098 887 4150 pro
897 4083 1018 4148 navigare,
1028 4100 1096 4148 eque
1114 4092 1177 4132 recte
1195 4082 1289 4131 dicetur
1307 4093 1342 4132 at·

298 4173 354 4206 num
374 4158 467 4223 egebit.
496 4171 538 4204 noe
558 4156 626 4205 soteri
648 4172 694 4205 non
713 4156 795 4221 pudet,
845 4173 892 4222 qne
904 4159 1009 4206 tellurem
1016 4175 1115 4221 premere
1125 4156 1152 4206 ii.
1162 4157 1244 4204 Amor.
1254 4157 1290 4205 ix.
1302 4159 1342 4206 31.

298 4232 361 4281 hunc
379 4232 486 4281 Atticum
507 4230 570 4296 quir,
588 4229 695 4295 qualisve
715 4230 795 4288 tuerit,
846 4239 871 4280 et
882 4232 949 4292 Alpes
957 4248 1066 4292 premere,
1075 4240 1102 4279 ut
1111 4231 1137 4279 ii.
1147 4230 1196 4279 xvi.
1208 4232 1245 4279 19.
1253 4241 1277 4280 et
1285 4234 1343 4280 etum

266 4295 269 4308 ¹
299 4305 412 4369 ignorare.
434 4306 498 4354 Nem
508 4303 665 4370 Pomponium
675 4303 796 4370 reliquiae
846 4304 933 4355 Clnud.
945 4303 999 4352 Bel.
1010 4305 1067 4354 Get.
1079 4307 1136 4354 341.
1146 4305 1188 4354 ubi
1198 4305 1247 4353 vid.
1257 4305 1342 4355 Heius.

300 4377 345 4425 ribi
361 4377 523 4443 cognominem
533 4379 609 4428 tilium
625 4395 672 4428 uon
689 4378 744 4443 legi,
755 4395 797 4427 eu·
846 4378 938 4427 dubito.
952 4377 977 4426 in
993 4393 1041 4427 uno
1058 4378 1145 4427 Mureti
1161 4386 1211 4427 erat
1226 4381 1344 4442 orbum,

298 4449 339 4514 jue
348 4450 398 4499 tria
407 4451 478 4500 unice
488 4452 570 4501 Attica
580 4452 697 4519 eNepote
709 4467 795 4501 memo·
845 4451 909 4517 quod
926 4451 956 4500 de
972 4451 1042 4500 retnis
1059 4460 1122 4500 reete
1132 4450 1181 4501 dici
1195 4461 1276 4501 uotum
1292 4463 1345 4514 est;

301 4530 372 4573 retur.
405 4525 493 4574 Burro.
844 4535 869 4575 et
878 4527 916 4590 τῷ
927 4529 1041 4575 verrendis
1052 4536 1107 4592 epte
1118 4525 1174 4575 satie
1185 4528 1344 4594 responderet.

321 4600 374 4649 ·11.
392 4598 437 4648 ibit
452 4603 479 4648 io
492 4602 615 4666 adoreon]
636 4602 726 4652 Recte:
743 4600 795 4651 mil·
846 4600 959 4649 Francius
966 4601 1106 4667 conjecerat,
1108 4602 1217 4664 fiotum.
1235 4599 1345 4665 egomet·
