3600 5925
548 816 808 884 HEROIDES.
833 818 903 883 ΕΡ.
928 819 1017 884 XII.
1240 821 1305 886 145

256 991 411 1067 Semina
422 991 600 1089 jecisset;
628 991 788 1064 totidem
806 991 988 1066 sensisset
1004 1003 1043 1066 et
1059 993 1208 1067 hostes:

305 1107 362 1180 Ut
379 1108 534 1181 caderet
550 1104 654 1177 cultu
672 1105 793 1178 cultor
810 1106 858 1177 ab
878 1105 1059 1203 ipsesuo.

255 1221 449 1307 Quantum
467 1220 789 1320 perfidiaetecum,
809 1222 1003 1309 scelerate,
1022 1224 1202 1322 perisset!

308 1339 447 1412 Demta
463 1336 586 1411 forent
602 1337 715 1434 capiti
734 1361 848 1433 quam
866 1340 965 1413 mala
981 1340 1101 1414 multa
1117 1343 1222 1415 meo!
1254 1347 1303 1415 20

257 1449 328 1528 Est
345 1455 472 1551 aliqua
489 1453 635 1550 ingrato
653 1454 826 1526 meritum
844 1458 1071 1555 exprobrare
1088 1458 1282 1554 voluptas:

307 1569 390 1643 Hac
408 1569 529 1643 fruar:
557 1568 637 1641 haee
656 1568 705 1641 de
722 1578 760 1641 te
778 1570 916 1665 gaudia
932 1572 1014 1645 sola
1029 1571 1158 1646 seram.

255 1683 393 1759 Jussns
411 1685 645 1782 inexpertam
665 1683 830 1757 Colchos
848 1687 1040 1760 advertere
1058 1688 1229 1786 puppim,

309 1799 462 1873 Intrasti
478 1800 610 1898 patriae
627 1824 744 1896 regna
761 1801 874 1875 beata
890 1825 997 1874 meae.

257 1914 342 1989 Hoc
361 1917 435 1990 illic
454 1916 594 1991 Medea
610 1915 676 2002 fui,
696 1940 794 1988 nova
810 1929 930 2015 nupta
947 1918 1049 2014 quod
1067 1918 1127 1990 hle
1145 1929 1216 1991 est.
1253 1923 1302 1992 25

308 2031 430 2115 Quam
448 2041 555 2130 pater
573 2042 632 2106 est
648 2030 714 2116 illi,
733 2041 811 2104 tam
830 2031 921 2104 mihi
939 2032 1044 2105 dives
1062 2044 1153 2105 erat.

257 2146 331 2221 Hic
350 2147 530 2247 Ephyren
548 2147 751 2234 bimarem;
789 2146 950 2244 Scythia
966 2158 1076 2221 tenus
1094 2148 1156 2221 ille
1174 2149 1303 2223 nivosa

307 2262 430 2338 Omne
448 2274 563 2350 tenet,
584 2263 696 2338 Ponti
714 2287 792 2360 qna
808 2262 922 2361 plaga
938 2264 1033 2337 laeva
1044 2266 1160 2361 jacet.

256 2376 409 2478 Accipit
424 2379 588 2478 hospitio
600 2380 760 2474 juvenes
778 2377 887 2452 AEiita
904 2378 1100 2476 Pelasgum

307 2492 358 2568 Et
374 2496 543 2594 premitis
560 2496 683 2593 pictos
701 2516 859 2592 corpora
876 2496 995 2594 Graja
1009 2506 1123 2570 toros.
1251 2502 1301 2570 30

255 2708 329 2759 boves
342 2710 423 2776 ignem
432 2713 540 2763 efflantes
549 2714 686 2779 subjugum
696 2715 754 2763 mis·
802 2714 886 2773 thiam,
896 2732 1019 2782 quousque
1030 2724 1096 2782 putet
1106 2714 1195 2765 aditum
1216 2715 1301 2766 Tmen
1410 2756 1413 2762 ,

255 2796 332 2841 sums,
343 2787 439 2851 nequid
448 2786 543 2837 illorum
554 2787 609 2853 igne
618 2788 753 2839 lederetur.
803 2799 839 2840 est
851 2792 948 2840 verbum
961 2791 1061 2856 regium
1071 2799 1099 2840 ut
1114 2800 1139 2839 et
1156 2793 1202 2838 lats
1218 2799 1301 2848 tmsrs,

255 2867 284 2906 ut
299 2866 337 2906 est
347 2859 411 2924 apud
421 2861 575 2926 Apollonium
585 2871 610 2910 et
618 2862 671 2927 ipsa
680 2862 753 2912 infru:
803 2863 834 2913 de
850 2880 898 2929 qno
915 2864 964 2914 vid.
980 2865 1012 2913 ad
1029 2865 1125 2913 Penon.
1141 2879 1197 2928 cup.
1215 2862 1300 2912 lunii.

291 2930 345 2994 lpse
361 2949 409 2999 ego,
419 2951 466 2999 qus
476 2936 582 2984 Merum
597 2937 754 2995 medicamina,
803 2939 894 2988 Βυιιιι.

318 3008 411 3069 pallida
420 3011 476 3057 sedi.
625 3010 722 3059 Micia.
836 3014 878 3065 28.
898 3012 973 3075 Qum]
996 3012 1026 3060 Id
1043 3020 1079 3060 est
1094 3011 1144 3057 uhi.
1162 3008 1301 3059 Crorsuus.

291 3080 331 3129 17.
356 3082 446 3131 Semina
459 3086 561 3145 jectan,
582 3087 673 3133 totidem
694 3103 755 3135 sum·
805 3084 851 3134 Pro
864 3089 931 3149 jacet
947 3086 1081 3150 conjecerat
1101 3081 1215 3131 Heinsius
1229 3091 1302 3145 patet,

171 3184 179 3197 ·
255 3156 318 3203 sisset
335 3164 358 3203 et
373 3156 466 3220 husten]
484 3155 549 3205 Mihi
565 3157 754 3222 plaeetutcdi·
804 3159 917 3209 sednihil
927 3175 996 3226 opus.
1013 3158 1069 3208 an.
1078 3158 1160 3207 Flacc.
1171 3157 1204 3206 iv.
1216 3157 1275 3205 211.

256 3235 306 3277 tum
318 3229 348 3278 sb
359 3227 411 3294 ipso
420 3229 533 3279 Heinsio:
870 3233 908 3281 Sic
922 3234 1071 3297 ingemdsiae
1082 3233 1161 3298 plaga,
1172 3234 1303 3295 quipiam

288 3301 379 3350 &mim
386 3305 488 3365 jecisset,
506 3304 598 3353 mum
612 3308 713 3353 smirnos
731 3316 754 3354 ss
773 3332 779 3339 ·
902 3309 990 3356 Arcton

319 3376 398 3425 hostes.
837 3380 932 3438 Denter,
943 3391 966 3429 et
975 3381 1000 3429 in
1011 3380 1089 3428 lomim
1098 3388 1180 3442 pontus
1180 3383 1256 3443 jacet.

254 3448 346 3499 Smtirs
360 3458 441 3499 sutem
452 3414 610 3516 proprffis
619 3449 728 3509 dicimus,
739 3469 755 3503 a
803 3454 835 3502 Et
844 3454 878 3503 itu
888 3454 975 3503 millies
985 3454 1065 3502 Potite
1076 3461 1100 3501 et
1110 3452 1255 3518 Geogrsphi.

255 3522 345 3588 quibua
355 3523 437 3572 eladae
452 3532 476 3572 et
486 3523 599 3572 damnum
615 3525 753 3591 accipimus.
835 3530 877 3579 29.
895 3528 1009 3592 Accipit]
1030 3528 1130 3590 Excipit,
1140 3528 1205 3592 quod
1218 3530 1243 3578 in
1260 3543 1301 3577 an·

255 3595 309 3644 vid.
319 3596 367 3662 Ep.
378 3596 413 3645 ix.
425 3597 465 3646 46.
475 3606 500 3645 et
513 3595 544 3645 ud
555 3597 651 3648 Patron.
662 3614 684 3649 c.
697 3601 753 3650 1³9.
803 3600 876 3667 tiquis
886 3601 1039 3658 editionibus,
1048 3599 1124 3650 sedin
1131 3600 1202 3648 nullis
1209 3600 1303 3649 Heinsii

255 3670 348 3719 ΒΜ·
495 3706 498 3709 ,
804 3675 925 3725 codicibus
934 3685 1020 3732 erent,
1027 3673 1301 3740 probabstFrsneiusex

287 3745 331 3794 2⁷.
345 3744 394 3793 Hie
405 3744 512 3809 Ephyren
523 3746 653 3810 bimarem]
673 3745 754 3812 Appo·
803 3749 850 3814 Ep.
868 3748 918 3798 xri.
936 3750 993 3798 127.
1011 3748 1106 3809 Eisepti
1122 3746 1215 3806 hospitio
1230 3746 1303 3795 etiam

254 3818 299 3867 site
308 3819 399 3868 nunni
405 3818 452 3868 huc
459 3818 547 3884 Velleji
555 3818 676 3868 Paterculi
683 3822 756 3870 verbs
803 3822 867 3886 spud
876 3820 929 3872 liv.
939 3822 983 3871 lib.
995 3823 1014 3870 i.
1026 3822 1068 3868 22.
1080 3818 1121 3868 ubi
1132 3819 1233 3880 hospitio,
1244 3833 1301 3867 suc·

256 3908 285 3941 ex
295 3893 339 3942 lib.
351 3893 368 3942 i.
397 3883 755 3950 panormitanensem
803 3902 853 3944 tore
864 3895 954 3946 Codice
964 3893 1083 3950 Palatino,
1093 3891 1213 3941 exturbari
1223 3891 1304 3957 placet

255 3969 284 4015 uh
294 3968 405 4024 Hercule,
417 3967 598 4030 Hippotisfilius
610 3967 753 4027 Corinthum,
804 3967 941 4026 Gebhardo,
957 3984 1004 4018 non
1022 3966 1088 4016 mihi,
1112 3963 1152 4014 hic
1170 3980 1226 4013 vero
1242 3964 1302 4014 nihil

256 4058 303 4104 qu
313 4051 382 4090 anteo
387 4041 473 4106 fuerat
485 4040 585 4104 Ephyre,
596 4042 697 4090 claustra
708 4043 753 4091 Ps-
783 4057 787 4064 ·
803 4051 879 4095 muto.
896 4043 978 4092 livius
985 4042 1052 4091 nir.
1063 4042 1101 4088 ll.
1119 4037 1176 4088 Tum
1184 4049 1302 4098 curarent,

258 4116 369 4179 icpunussi
385 4118 582 4173 contineamus
598 4114 683 4165 Isthmo
697 4135 752 4167 eon-
802 4125 831 4163 ut
848 4133 905 4172 eum,
923 4119 962 4179 qui
983 4118 1019 4163 uir
1036 4117 1132 4177 optimus
1150 4114 1225 4162 Rome
1240 4123 1302 4172 esset,

257 4190 325 4238 didit.
358 4188 436 4238 Aliter
461 4189 534 4238 sentit
559 4189 670 4255 Hyginus
696 4206 752 4256 esp.
803 4188 897 4249 hospitio
923 4191 1042 4250 acciperet.
1074 4186 1115 4236 nbi
1142 4186 1248 4236 Gronov.
1275 4187 1301 4237 in

257 4264 351 4314 cclxxm
384 4264 476 4328 Ephyre
488 4263 594 4327 Nfflnphn
608 4265 693 4312 Oceani
695 4267 753 4327 fitia
803 4261 874 4310 MSS.
895 4260 969 4310 etiam
989 4264 1099 4323 exciperet
1117 4277 1168 4310 esse
1189 4268 1300 4312 testatur.

260 4337 374 4403 Ephyrm
389 4355 455 4401 msam
467 4347 542 4400 postea
561 4335 696 4385 Corinthum
712 4354 753 4400 np-
803 4335 893 4384 Bonis.
1220 4390 1224 4399 =

255 4414 382 4474 peltarum,
392 4414 502 4461 condidit.
535 4410 606 4461 Cror.
837 4409 930 4471 Excipit
945 4407 1038 4468 hotpitio
1044 4409 1142 4473 juvenes
1152 4406 1220 4457 AEe'to
1234 4412 1301 4459 reiic-

291 4486 583 4550 Scythittmusiltssioosd
592 4485 752 4551 Omnstmet]
804 4484 859 4547 tos]
878 4483 910 4531 Et
920 4482 945 4530 in
953 4480 998 4529 hoc
1010 4495 1078 4530 versu
1085 4480 1197 4547 addidere
1205 4483 1303 4548 quidum

258 4560 311 4609 Nos
327 4560 449 4625 antiquam
464 4559 590 4627 lectionem
606 4559 753 4611 reduximus.
805 4557 885 4613 Pater,
900 4562 929 4603 ut
941 4553 1097 4618 blssylltbum
1113 4556 1173 4604 Atto
1187 4555 1300 4613 licerent,

260 4634 331 4683 Onne
350 4644 410 4683 testei
423 4650 498 4699 usque
519 4633 550 4697 ad
570 4634 675 4683 nivosam
696 4635 754 4698 Sey·
804 4638 948 4682 eumtsmen
964 4626 1124 4694 trissyllabum
1140 4629 1179 4685 sit,
1188 4638 1215 4677 ut
1230 4629 1301 4695 punio
