3600 5925
535 743 677 814 ARTIS
700 741 969 811 AMATORIAE
991 744 1082 811 ΠΒ.
1106 747 1135 811 1.
1288 747 1358 813 483

313 917 480 1005 Scilicet,
499 927 542 991 ut
558 919 679 1016 pudor
696 930 754 993 est
771 919 962 1016 quondum
978 919 1138 1018 coepisse
1155 919 1329 1018 priorem,

363 1033 427 1107 Sic
445 1033 518 1108 alio
534 1043 683 1130 gratum
699 1044 759 1110 est
775 1033 977 1133 incipiente
993 1033 1084 1133 pati.
1279 1035 1351 1108 706

311 1149 373 1222 Ah
390 1149 505 1222 nimia
521 1158 580 1224 est
592 1149 721 1246 juveni
737 1149 896 1248 propriae
914 1149 1052 1223 fiducia
1067 1148 1207 1236 formae,
1357 1165 1360 1170 ’

363 1263 572 1364 Exspectat
588 1265 621 1338 si
639 1263 737 1361 quis,
755 1265 846 1338 dum
863 1265 963 1364 prior
980 1266 1045 1340 illa
1061 1267 1183 1363 roget!

311 1380 379 1453 Vir
394 1380 495 1479 prior
511 1380 686 1455 accedatz
714 1380 770 1453 vir
784 1380 900 1454 verba
917 1382 1109 1480 precantia
1124 1382 1238 1456 dicat.
1346 1385 1349 1394 '

362 1495 540 1595 Excipiet
556 1496 713 1570 blandas
730 1494 888 1569 comiter
904 1496 968 1570 ilia
984 1520 1128 1595 preces.
1280 1500 1353 1569 710

314 1612 368 1688 Ut
383 1614 539 1712 potiare,
557 1636 667 1710 roga:
695 1622 842 1687 tuntum
859 1612 965 1711 eupit
981 1614 1045 1687 illa
1060 1613 1193 1710 rogari.
1349 1617 1351 1624 ’

363 1729 425 1803 Da
439 1753 618 1804 caussam*
630 1730 707 1804 voti
724 1729 1024 1828 principiumque
1042 1730 1109 1804 tui.

312 1843 487 1943 iuppiter
504 1846 552 1920 ad
568 1855 715 1919 veteres
732 1845 896 1944 supplex
914 1843 1102 1919 Heroides
1119 1846 1214 1918 ibat:
1277 1869 1285 1878 ·

364 1960 556 2061 Corripuit
571 1985 750 2058 magnum
767 1962 870 2035 nulla
886 1962 1013 2061 puella
1028 1960 1052 2033 J
1054 1985 1173 2036 ovem.

316 2075 358 2149 Si
374 2086 501 2150 tamen
519 2101 543 2151 a
558 2078 734 2176 precibus
748 2077 915 2151 tumidos
932 2078 1114 2153 accedere
1130 2078 1241 2151 flatus
1282 2079 1354 2148 715

365 2191 563 2266 Senseris?
588 2191 739 2291 incepto
758 2216 883 2292 parce,
902 2193 1073 2291 referque
1091 2194 1240 2293 pedem.

314 2309 426 2396 Quod
444 2308 593 2406 refugit,
611 2310 739 2383 multae
757 2311 932 2410 cupiunt:
960 2312 1083 2397 odere,
1102 2310 1204 2408 quod
1219 2308 1345 2382 instat.

365 2423 502 2497 Lenius
520 2425 694 2498 instando
710 2426 824 2500 taedia
841 2426 931 2500 tolle
948 2428 1015 2501 tui.

317 2539 399 2615 Nec
417 2564 565 2639 semper
583 2540 741 2616 Veneris
758 2567 847 2642 spes
865 2554 924 2617 est
941 2541 1150 2642 profitenda
1167 2541 1329 2637 roganti:

367 2653 487 2730 Intret
504 2656 677 2730 amicitiae
692 2658 841 2732 nomine
858 2669 982 2731 tectus
999 2681 1115 2730 amor.
1285 2661 1359 2729 720

318 2770 401 2845 Hoc
420 2772 524 2845 aditu
540 2773 619 2846 vidi
634 2772 776 2847 tetricoe
793 2774 884 2848 data
899 2767 1183 2871 verba'puellae:

366 2887 441 2973 Qui
458 2887 580 2964 suerat
595 2891 728 2980 cultor,
746 2891 868 2966 factus
885 2900 1030 2965 amator
1046 2898 1138 2961 erat.

318 3004 512 3080 Candidus
529 3007 568 3080 in
583 3009 699 3081 naute
720 3008 839 3107 turpis
857 3008 976 3081 color:
1005 3004 1165 3102 aequoris
1183 3001 1284 3075 uudt

368 3120 494 3195 Debet
509 3133 549 3196 et
565 3146 589 3195 a
605 3122 718 3196 radiis
736 3123 868 3198 sideris
887 3147 971 3196 esse
989 3121 1106 3218 niger.

318 3234 454 3335 Turpis
471 3247 511 3311 et
528 3238 716 3334 agricolae,
734 3239 800 3336 qui
817 3262 966 3312 vomere
984 3260 1133 3335 semper
1150 3235 1308 3318 adunco,

367 3349 419 3425 Et
435 3352 610 3448 gravibus
628 3354 756 3427 rastris
773 3354 845 3427 sub
859 3353 953 3427 Jove
962 3362 1088 3427 versat
1104 3353 1271 3425 humum.
1288 3353 1359 3421 726

319 3465 369 3540 Et
386 3467 466 3553 tibi,
487 3467 669 3542 Palladiae
687 3470 827 3568 petitur
844 3471 905 3542 cui
923 3470 1050 3568 palma
1066 3491 1225 3563 coronae,

368 3581 541 3658 Candida
557 3585 589 3657 si
607 3583 743 3660 fuerint
759 3609 934 3684 corpora;
964 3585 1083 3682 turpis
1101 3585 1186 3657 eris.

350 3825 406 3874 7²2·
426 3826 562 3892 Quisnam
572 3830 656 3884 enitor,
659 3828 744 3893 fuctus
752 3846 816 3876 cmc·
866 3837 904 3876 tus
921 3834 971 3875 erat
987 3834 1086 3873 mutor.
1103 3822 1161 3888 quid
1179 3824 1254 3870 enitor
1264 3830 1289 3870 et
1299 3838 1362 3870 umc-

318 3908 352 3947 tor
368 3899 443 3962 crat]
463 3899 493 3948 In
510 3900 652 3964 quibusdem
670 3900 741 3950 codd.
756 3901 816 3965 legi·
867 3913 902 3951 tor
918 3901 1028 3949 diffcnut
1045 3898 1115 3948 docui
1135 3897 1166 3945 ed
1185 3896 1289 3945 Petronii
1306 3912 1361 3962 cap.

318 3974 511 4040 immisceret
520 3976 688 4025 estorviaco.
721 3976 817 4040 Exque
866 3974 955 4025 cxxvii.
990 3974 1067 4023 Cicer.
1078 3972 1112 4020 ir.
1127 3972 1159 4021 ed
1171 3971 1238 4019 Fam.
1252 3972 1291 4019 16.
1324 3971 1363 4019 Sic

318 4046 489 4098 eruditissimus
495 4049 708 4117 Roueriusoptime
718 4050 818 4107 feceret,
866 4051 937 4105 ntor,
946 4052 979 4097 cic
988 4050 1088 4097 oburoor
1097 4049 1126 4094 ub
1134 4048 1235 4094 omnibus
1246 4047 1288 4103 din,
1298 4047 1338 4108 qui
1347 4064 1362 4092 a

352 4122 565 4188 Quisucrutcuitor
573 4127 817 4180 dictunonrotorcrot.
868 4124 956 4172 Cerere
965 4125 1108 4187 didignetur,
1121 4131 1148 4169 ut
1157 4122 1185 4167 cb
1196 4122 1230 4168 his
1245 4136 1280 4168 m
1289 4122 1363 4167 amari

353 4226 358 4231 >
611 4196 783 4247 Dimflrrus.
865 4208 953 4260 poten.
987 4198 1075 4245 Bunrr.

320 4268 395 4318 Puto:
899 4271 957 4319 727.
977 4269 1008 4317 Er
1019 4279 1046 4317 to
1057 4267 1193 4331 Palladia]
1214 4268 1246 4315 Ec
1262 4278 1304 4315 roo
1314 4267 1364 4316 Re-

353 4345 399 4399 Qtu'
405 4345 750 4411 [concultorfictuamtor
756 4357 815 4396 nat.
866 4346 927 4410 gius,
938 4342 1089 4399 oxoniensis,
1098 4341 1175 4391 Jureti
1186 4340 1271 4398 codex,
1283 4350 1308 4389 ct
1317 4350 1365 4393 tres

692 4421 783 4470 Herus.
867 4418 916 4469 olii.
937 4419 1006 4472 bene.
1027 4426 1053 4466 ut
1071 4417 1101 4465 nd
1123 4416 1223 4479 Corpora
1241 4417 1365 4466 reseretur.

320 4492 372 4556 Ego
390 4492 449 4543 nihil
466 4505 541 4545 muto.
562 4510 631 4545 retus
646 4496 709 4545 enirn
730 4493 815 4550 cultor.
865 4495 942 4555 pulmo
958 4510 1043 4541 eorm
1054 4490 1166 4557 prosumo
1183 4499 1283 4556 quotuor
1300 4491 1363 4540 libri.

321 4582 368 4615 non
378 4566 446 4618 fictur
456 4568 533 4619 suem
540 4588 549 4631 5
564 4569 607 4620 sed
621 4569 652 4619 de
668 4570 758 4620 cultore
769 4569 817 4619 inc·
868 4565 1019 4618 nectamus
1054 4565 1145 4614 flurs.
1273 4612 1275 4615 ,

948 4645 1007 4694 lis
