3600 5925
431 753 498 821 252
722 757 762 820 u.
786 753 948 821 ovruu
972 754 1196 830 ussurus,

434 927 509 1003 Hic
527 953 581 1014 es,
601 937 641 1003 et
657 929 837 1034 exiguum
854 928 990 1002 misero
1008 929 1196 1025 contingis
1213 933 1374 1007 amanti:

485 1044 660 1140 Cumque
677 1043 763 1117 meft
782 1043 877 1116 fiunt
894 1043 1045 1117 turbida
1062 1056 1189 1117 mente
1206 1044 1313 1120 freta.

434 1157 536 1242 Quid
563 1158 666 1244 mihi,
690 1158 794 1255 quud
819 1158 895 1230 into
923 1183 997 1231 nou
1025 1182 1178 1256 separor
1204 1185 1367 1259 aequore,
1392 1187 1477 1260 pm-

583 1274 694 1347 dest?

484 1387 588 1461 Num
605 1388 728 1461 minus
746 1388 818 1460 huc
836 1387 944 1461 nobis
962 1398 1040 1462 tam
1058 1390 1180 1463 brevis
1199 1392 1326 1465 obstat
1342 1396 1467 1490 aqua?

432 1501 494 1577 An
511 1504 650 1590 malim,
669 1502 814 1589 dubito,
833 1512 914 1575 toto
933 1503 1062 1599 procul
1080 1505 1171 1577 orbe
1189 1517 1353 1580 remotus
1406 1513 1476 1583 175

483 1620 582 1693 Cum
599 1619 752 1692 dominu
771 1618 882 1713 longe
899 1641 1008 1716 spem
1025 1643 1179 1718 quoque
1196 1622 1336 1695 habere
1352 1625 1452 1698 mezi.

433 1734 518 1819 Quo
530 1734 689 1833 propius
707 1756 806 1805 nunc
825 1757 879 1820 es,
899 1733 1052 1808 flamme
1070 1737 1244 1835 propiore
1262 1740 1432 1814 calesco:

483 1849 534 1924 Et
550 1874 610 1924 res
628 1873 702 1923 nun
721 1873 882 1947 semper,
903 1874 991 1949 spes
1009 1851 1101 1925 mihi
1120 1876 1269 1952 semper
1286 1855 1406 1927 adest.

432 1966 537 2041 Pene
555 1990 680 2050 manu,
700 1967 803 2062 quod
820 1990 917 2052 amu,
937 1968 1061 2062 (tenta
1078 1978 1137 2041 est
1152 1968 1303 2061 vicinia)
1321 1979 1457 2065 tango:

484 2082 596 2181 Saepe
614 2081 682 2154 sed
696 2080 788 2175 (heu
800 2081 827 2173 Ι)
844 2081 1017 2154 lacrimas
1031 2082 1102 2155 buc
1116 2082 1207 2155 mihi
1225 2107 1323 2181 pene
1336 2095 1475 2158 movet.

430 2195 539 2271 Velie
557 2195 649 2294 quid
668 2205 727 2268 est
744 2195 845 2268 aliud
863 2195 1046 2292 fugientia
1062 2196 1245 2295 prendere
1262 2221 1386 2295 poma,
1405 2203 1471 2276 181

482 2303 675 2409 Spemque
694 2334 761 2381 suo
779 2308 899 2405 refugi
917 2310 1080 2383 fluminis
1098 2335 1162 2384 ore
1180 2312 1314 2410 sequi?

431 2426 532 2523 Ergo
550 2450 621 2522 ego
639 2436 677 2498 te
696 2448 916 2522 numquam,
932 2426 1003 2498 nisi
1021 2451 1108 2500 cnm
1125 2427 1225 2500 volet
1242 2429 1355 2514 unda,
1370 2438 1476 2502 teue-

481 2539 532 2613 Et
549 2564 609 2614 me
627 2539 775 2613 felicem
793 2540 896 2613 nulla
913 2541 1056 2614 videbit
1072 2541 1218 2615 hiems?
1381 2544 1476 2637 [bot
1512 2593 1517 2604 ·

431 2655 607 2754 Cumque
616 2655 740 2727 minus
749 2654 898 2728 firmum
909 2657 960 2732 nil
979 2658 1028 2730 sit
1039 2680 1153 2754 quam
1164 2668 1297 2732 ventus
1311 2668 1350 2732 et
1360 2659 1474 2745 unda,

480 2770 664 2846 Inventis
681 2781 721 2843 et
738 2773 838 2867 aqud
857 2796 946 2870 spes
965 2796 1049 2845 mea
1066 2796 1215 2869 semper
1232 2772 1323 2846 erit?
1403 2779 1474 2848 186

463 3075 519 3122 171.
538 3074 710 3136 Hincertquod
721 3076 925 3122 montuman-
976 3075 1088 3138 stsrigrw
1098 3087 1140 3120 sex
1150 3069 1212 3119 libri.
1238 3070 1328 3136 Exigue
1337 3069 1476 3119 alterMen-

429 3148 616 3213 tingfsnmantffl
634 3146 927 3212 Sicinquibusdamlegi·
975 3146 1087 3196 teliunus.
1105 3146 1237 3195 Humerus.
1264 3144 1316 3193 Atii
1325 3143 1420 3193 eudicus
1431 3144 1476 3192 zti-

428 3229 475 3269 tnr.
508 3220 598 3284 Fstque
619 3220 696 3268 illatio
716 3222 807 3286 ubsque
831 3229 927 3269 eutece-
976 3228 1021 3269 ter.
1037 3220 1080 3269 sed
1097 3219 1156 3268 nibil
1170 3220 1196 3269 in
1212 3217 1365 3284 nequount
1381 3217 1475 3267 boniu-

428 3292 510 3342 dente.
526 3293 926 3355 cuienimintemffinceuquou
976 3301 1024 3342 tem
1044 3293 1153 3342 lectionis
1172 3292 1274 3356 vulgate
1297 3291 1404 3341 accedet
1430 3291 1477 3340 nisi

426 3369 495 3416 sumi
511 3382 543 3415 en
560 3366 656 3431 eiquud
673 3367 778 3432 pmxime
795 3367 924 3424 antecedit,
975 3366 1050 3432 legas,
1062 3367 1110 3415 Hie
1120 3384 1150 3423 ss,
1160 3377 1186 3416 ut
1201 3369 1315 3432 triguum.
1333 3364 1380 3422 vel,
1390 3367 1477 3414 xiima

427 3442 475 3489 Aut
486 3443 532 3495 dic.
542 3443 573 3488 ad
591 3456 687 3501 superus,
697 3441 744 3488 buc.
776 3439 811 3488 Ar
826 3438 925 3487 interru-
975 3443 1089 3504 exiguum

427 3512 926 3578 gationibuicuuupotest,etulterioribus
1010 3514 1066 3562 ltu.
1091 3514 1122 3561 Et
1139 3529 1175 3561 να
1194 3531 1241 3561 mm
1256 3512 1363 3575 πωροι]
1393 3510 1425 3559 Ut
1441 3528 1478 3559 m

426 3587 595 3638 inconveniens
605 3595 650 3635 est.
676 3587 740 3650 lego
750 3602 806 3650 ergo
817 3600 872 3634 cum
881 3586 925 3634 nt·
976 3586 1143 3635 lovaniensis:
1162 3586 1297 3636 Familiaris
1306 3601 1362 3637 vero
1375 3584 1420 3632 ille
1434 3600 1477 3648 sg-

427 3660 504 3711 dinis:
522 3661 570 3709 Hic
579 3678 609 3718 es,
619 3670 641 3708 et
651 3663 758 3725 exignum
775 3661 854 3707 misero
870 3676 924 3707 cun-
975 3660 1102 3709 nominatio
1119 3655 1282 3724 scriptoribus.
1315 3657 1407 3708 Ausuu.
1428 3657 1476 3705 Pu·

427 3739 498 3802 ts‘ngr’s
510 3738 606 3784 amanti.
629 3733 693 3799 quud
709 3743 758 3782 est:
782 3732 838 3781 Nou
855 3747 882 3781 eu
899 3732 925 3783 iu
975 3741 1038 3781 rent.
1049 3733 1083 3781 xi.

427 3809 504 3867 eoelis,
514 3817 556 3857 eut
566 3818 614 3857 tum
625 3808 695 3872 lunge
705 3814 802 3863 remota,
813 3815 925 3856 ettamen
1009 3807 1092 3855 Pastor
1102 3807 1169 3854 chare
1179 3822 1254 3867 nepus,
1265 3820 1319 3867 spes
1329 3807 1396 3866 crpus
1410 3814 1475 3852 certa

427 3883 540 3947 exiguum
558 3880 689 3944 contingis:
708 3880 752 3928 hoc
769 3889 813 3935 est,
830 3895 882 3927 raro
896 3895 925 3929 uc
1031 3880 1088 3944 Μ
1098 3895 1141 3929 res.
1350 3877 1442 3925 Buux.

426 3956 529 4005 modice.
544 3954 619 4020 positu
630 3953 747 4018 adjectivo
763 3952 841 4001 neutri
853 3968 926 4016 gene·
1010 3955 1066 4003 luo.
1094 3953 1155 4015 Seps
1174 3956 1212 4002 ssd
1233 3950 1320 4017 (kent)
1349 3952 1477 4014 tantm

425 4031 510 4096 rispru
519 4030 640 4079 adverbio.
657 4030 802 4077 Mrcruuus.
836 4028 868 4076 Et
878 4031 925 4076 eui-
975 4028 1015 4075 tue
1031 4028 1088 4074 mitt
1099 4026 1161 4074 Psus
1170 4025 1260 4092 sarit]
1279 4024 1333 4072 Huc
1349 4023 1419 4080 Pone,
1439 4022 1475 4071 in·

425 4107 586 4170 guummioeru
596 4105 708 4167 contingis
717 4106 813 4157 amanti,
829 4101 925 4150 omnino
974 4098 1035 4164 quit,
1053 4098 1110 4148 facit
1124 4098 1182 4146 mibi
1201 4114 1265 4163 supe
1280 4096 1426 4162 lachrymas:
1449 4097 1478 4145 id

425 4177 553 4243 legendum
573 4195 587 4227 e
607 4177 675 4226 bonis
694 4175 877 4243 exemplaribus,
899 4188 925 4223 et
974 4182 1019 4229 est,
1030 4172 1094 4237 quud
1104 4186 1165 4236 pene
1175 4186 1247 4220 mauu
1259 4186 1302 4219 nus
1311 4170 1439 4235 tangimus,
1450 4180 1477 4218 et

425 4251 526 4301 udone.
559 4251 588 4299 Id
598 4259 644 4307 est,
656 4259 680 4301 et
690 4266 785 4316 perram
795 4265 848 4298 eam
856 4248 922 4312 capi·
974 4256 1054 4295 tamen
1063 4242 1199 4309 contingere
1210 4259 1257 4292 uon
1267 4259 1399 4309 possumus.
1430 4243 1477 4290 Ar-

425 4339 479 4372 mus
489 4325 643 4389 voluptatem,
653 4340 726 4390 quam
737 4323 924 4389 frequentissime
974 4319 1035 4368 lusio
1045 4329 1127 4379 nutem
1137 4329 1173 4367 est
1183 4318 1214 4366 ad
1225 4318 1326 4382 priorem
1336 4333 1437 4373 versum,
1449 4315 1478 4366 in

425 4410 510 4460 capere
530 4396 678 4446 deberemus.
707 4397 844 4446 Crorsuus.
877 4394 925 4442 Hie
973 4388 1025 4457 quo'
1037 4392 1100 4441 idern
1119 4389 1267 4448 adverbium,
1286 4407 1349 4453 pune,
1370 4389 1479 4455 ponitur.

425 4479 458 4517 est
474 4471 554 4532 aigne
568 4470 712 4525 Puteauens,
733 4485 775 4535 pru
787 4469 833 4517 Hic
850 4484 882 4522 us,
902 4477 925 4515 et
974 4466 1070 4515 Mrcrn.

425 4544 518 4605 seignur
535 4541 577 4589 sed
590 4544 694 4605 exiguum
705 4542 801 4591 rectius.
837 4540 883 4588 Hic
893 4556 923 4595 es,
