3600 5925
489 747 556 828 ,416
786 753 827 817 Ρ.
852 752 1013 818 OVIDII
1038 754 1249 821 NASONIS

493 929 527 1000 Ο
547 928 690 1001 utinum
707 950 794 1001 meo
807 927 909 1001 lectu
925 926 1056 1015 forent,
1076 929 1464 1031 patrioquesepulcro

543 1043 720 1130 condita,
738 1044 829 1117 dum
847 1054 1021 1144 poterant
1037 1044 1189 1141 virginis
1206 1070 1292 1119 ossa
1309 1048 1403 1144 legi!

494 1161 573 1233 Cur
590 1161 701 1234 modo
718 1159 883 1234 Vestalis
899 1160 1019 1233 taedas
1037 1160 1170 1234 invitor
1187 1162 1236 1235 ad
1253 1162 1347 1236 ullas
1486 1171 1534 1237 75

541 1275 688 1376 Turpis,
707 1287 746 1350 et
765 1273 890 1349 Iliacis
909 1274 1111 1349 inficianda
1126 1275 1244 1350 focis?

490 1392 593 1477 Quid
611 1391 756 1465 moror?
782 1415 830 1464 en
848 1390 976 1487 digitis
995 1390 1172 1487 designor
1188 1393 1358 1468 adultera
1375 1396 1489 1492 vulgi.

543 1508 652 1582 Desit
665 1507 830 1593 famosis,
848 1507 915 1604 qui
934 1518 1039 1580 notet
1055 1532 1132 1595 ora,
1150 1509 1285 1607 pudor.

492 1622 708 1711 Hactenus3
736 1634 776 1697 et
792 1634 936 1698 vestem
952 1624 1107 1698 tumidis
1126 1627 1327 1724 praetendit
1343 1628 1492 1702 ocellis:

542 1741 669 1839 Atque
687 1741 740 1815 ita
755 1763 797 1814 se
814 1741 852 1815 in
870 1740 1019 1840 cupidas
1037 1742 1184 1840 perdite
1200 1743 1303 1816 misit
1319 1766 1451 1842 aquas.
1485 1751 1533 1818 80

495 1857 748 1956 Supposuisse
765 1881 898 1932 manus
916 1859 964 1933 ed
981 1870 1133 1957 pectore
1151 1859 1316 1933 lubricus
1334 1861 1453 1933 amnis

544 1973 711 2063 Dicitur3
739 1985 779 2046 et
795 1973 886 2047 socii
900 1975 986 2072 jura
1002 1975 1152 2049 dedisse
1168 1976 1252 2048 tori.

492 2087 547 2163 Te
565 2113 719 2187 quoque
736 2089 916 2163 credibile
933 2100 994 2163 est
1012 2089 1139 2187 aliqud
1158 2090 1320 2164 caluisse
1338 2092 1479 2190 puelld:

543 2205 621 2280 Sed
639 2228 791 2278 nemora
806 2214 846 2278 et
862 2204 965 2277 silvae
983 2205 1140 2278 crimina
1154 2216 1279 2280 vestre
1294 2218 1438 2303 tegunt.

494 2320 595 2394 Dum
613 2320 756 2417 loquor,
776 2319 932 2393 increvit
948 2320 1034 2393 latis
1052 2320 1254 2419 spatiosius
1267 2323 1389 2405 undis,
1483 2328 1530 2396 85

542 2436 579 2510 N
581 2461 625 2512 ec
642 2435 745 2535 capit
761 2435 945 2510 admissas
963 2436 1091 2511 alveus
1109 2437 1208 2511 altus
1226 2461 1356 2536 aquas.

491 2554 593 2640 Quid
611 2577 771 2640 mecum,
790 2552 940 2639 furiose,
959 2554 1053 2628 tibi?
1080 2554 1173 2652 quid
1192 2567 1322 2628 mutua
1338 2553 1465 2629 differs

543 2670 717 2744 Gaudia?
743 2669 835 2767 quid
852 2681 1030 2768 coeptum,
1050 2670 1201 2756 rustice,
1220 2670 1361 2769 rumpis
1379 2670 1474 2744 iter?

492 2787 619 2873 Quid?
645 2787 677 2859 si
694 2786 903 2883 legitimum
920 2786 1068 2873 flueres,
1087 2786 1119 2858 si
1138 2786 1262 2860 nobile
1279 2786 1443 2859 flumen?

545 2903 585 2978 Si
602 2902 672 2978 tibi
690 2925 756 3001 per
772 2914 890 2978 terras
909 2902 1073 2978 maxima
1089 2902 1189 2977 fama
1202 2902 1322 2978 soret?
1481 2908 1529 2977 90

494 3020 643 3096 Nomen
659 3021 776 3096 habes
794 3022 950 3109 nullum,
970 3021 1055 3094 rivis
1073 3021 1229 3095 collecte
1247 3020 1415 3103 caducis3

544 3136 626 3221 Nec
644 3136 712 3210 tibi
730 3149 818 3211 sunt
834 3136 969 3223 fontes,
986 3159 1055 3209 nec
1072 3136 1142 3210 tibi
1160 3146 1263 3210 certa
1278 3135 1423 3208 domus.

523 3462 565 3511 ts.
584 3462 648 3511 Desit
650 3461 778 3528 fumun]
791 3463 912 3528 legerem,
921 3461 985 3509 Desit
1035 3460 1069 3510 ite
1078 3462 1195 3528 cupienda
1210 3463 1254 3512 illu
1263 3463 1377 3519 Suetonii,
1388 3462 1467 3511 ‘liber-
1477 3477 1529 3527 cup

483 3537 638 3602 samesium
654 3540 873 3600 mecummet,-
892 3535 985 3586 udulte·
1035 3537 1060 3584 7.
1093 3537 1165 3585 Semel
1180 3554 1206 3585 es
1224 3554 1318 3586 occursu
1330 3540 1398 3586 uim
1413 3540 1469 3584 adeo
1477 3553 1527 3584 eon·

491 3610 523 3661 rie
533 3610 602 3668 uotis,
609 3620 633 3660 et
639 3611 690 3677 jum
698 3611 833 3661 criminibus
842 3627 868 3659 ee
879 3610 985 3676 polluere
1035 3613 1102 3660 :eutis
1121 3621 1143 3660 et
1163 3614 1300 3661 tumentibus
1317 3614 1389 3661 oeulis
1403 3622 1530 3673 pronatus

492 3684 604 3743 edsuetis,
616 3685 678 3735 desit
690 3685 778 3752 pudor;
794 3685 836 3734 sed
847 3684 914 3743 mibi,
926 3685 984 3735 Ves·
1034 3697 1075 3735 cst.
1093 3685 1133 3734 ubi
1143 3685 1229 3734 trustra
1244 3685 1365 3750 corrigunt
1375 3684 1417 3734 viri
1434 3684 1527 3737 esuditi,

490 3761 533 3810 tuli
551 3759 644 3827 virgini,
661 3769 684 3809 et
705 3760 808 3815 intuetu.
822 3759 906 3826 pudor,
922 3760 985 3825 quod
1035 3772 1060 3810 et
1069 3759 1110 3809 elii
1121 3769 1230 3808 tumentes
1239 3759 1330 3815 oculos,
1340 3758 1473 3813 amatorios,
1489 3773 1528 3806 ex-

490 3832 573 3899 digitie
598 3833 714 3899 designer,
734 3833 806 3890 subit.
827 3841 852 3881 et
878 3834 987 3899 probibet
1035 3842 1132 3891 stantes,
1149 3842 1173 3882 et
1188 3833 1267 3882 nescio
1284 3848 1344 3898 quos
1360 3841 1488 3898 expuunt.
1504 3842 1529 3880 et

490 3907 560 3973 plum
579 3908 654 3974 loqui.
678 3917 704 3956 et
718 3907 772 3956 ideo
789 3917 878 3957 vestem
895 3907 986 3972 pudore
1034 3907 1069 3958 sic
1081 3917 1197 3974 turgentes
1210 3925 1281 3974 gem
1296 3909 1393 3957 Seneca
1403 3907 1527 3970 Agedum.

490 3982 606 4032 subeunte
616 3980 691 4032 oculu
700 3979 833 4047 pretendit.
865 3982 953 4032 Bcnx.
1036 3982 1093 4030 760.
1105 3981 1232 4031 vindicavit
1242 3981 1382 4031 Gronovius
1398 3989 1463 4028 notet
1473 3995 1529 4029 vero

524 4059 564 4108 79.
581 4057 702 4121 Τιιηιίἀὶι]
725 4055 802 4107 Recte
823 4059 917 4107 tumidis
935 4059 984 4108 Pu·
1036 4055 1119 4105 Douzu
1128 4057 1257 4123 obnuptem
1268 4054 1398 4104 etvelutem
1408 4051 1529 4103 hicindu·

490 4143 588 4182 teuneus
597 4142 621 4183 et
629 4140 730 4198 quatuor
737 4131 786 4189 ulii,
794 4132 886 4182 exfletu
893 4140 986 4181 tumen·
1034 4129 1058 4179 ci
1078 4129 1147 4180 Ilium
1167 4146 1196 4180 ex
1219 4131 1266 4179 ritu
1284 4129 1359 4195 pn'soo
1381 4126 1527 4192 nuptierum.

489 4216 526 4257 tce
545 4205 665 4272 intelligit.
697 4205 806 4257 Tibullus
821 4205 864 4255 lib.
879 4205 897 4254 i.
915 4206 985 4272 fleg.
1034 4205 1123 4255 Bou.

490 4279 541 4329 viii.
1067 4281 1110 4329 82.
1127 4279 1186 4329 Socii
1188 4282 1250 4342 juro
1258 4279 1341 4327 dedisse
1351 4275 1416 4341 tori]
1431 4276 1528 4341 Sepulta

524 4353 556 4401 Et
576 4363 617 4403 tuo
626 4359 681 4419 J'am
689 4355 752 4422 fletu
771 4354 931 4421 luminosae
948 4366 986 4403 tu·
1035 4353 1121 4403 dicitur
1139 4352 1186 4401 Ili·
1205 4353 1236 4402 ud
1251 4350 1361 4418 Tybridis
1377 4349 1449 4417 ripn,
1465 4349 1526 4402 uude

555 4439 624 4477 nent.
864 4430 954 4478 Huius.
1034 4444 1089 4478 cum
1106 4428 1156 4494 ipso
1165 4426 1237 4477 fluvio
1247 4426 1353 4494 nupsine
1370 4435 1446 4492 poete
1456 4424 1528 4475 trudi·

490 4497 620 4550 Confirmet
630 4501 730 4560 Heinsii,
740 4519 793 4568 que
805 4510 830 4553 et
841 4503 930 4553 Douzae
941 4503 985 4552 luit
1034 4503 1134 4563 derunt3
1150 4511 1174 4551 et
1191 4502 1285 4567 egregie
1301 4500 1380 4551 dictus
1389 4502 1420 4551 ub
1435 4501 1494 4550 llos.
1509 4500 1528 4548 i.

487 4570 555 4627 olim.
567 4575 734 4625 correctionem
741 4576 950 4626 Fnucolnrtensis.
962 4586 986 4625 et
1035 4577 1082 4625 Od
1093 4576 1119 4625 ii.
1129 4578 1169 4625 20.
1205 4576 1303 4625 Uxoriue
1311 4579 1391 4626 metu
1423 4575 1511 4623 Am.
