3600 5925
466 741 530 805 304
682 779 690 792 ι
758 741 796 805 P.
821 735 982 804 OVIDII
1006 733 1217 803 NASONIS

818 1011 1045 1087 ELEGIA
1085 1009 1154 1084 IV.

471 1143 538 1217 Vir
554 1154 640 1219 tuus
658 1155 717 1219 est
741 1146 871 1243 epulas
889 1144 997 1219 nobis
1012 1142 1180 1217 aditurus
1198 1144 1362 1218 eosdem.

523 1261 665 1335 Ultima
681 1285 789 1336 coena
803 1273 870 1336 tuo
886 1263 948 1349 sit,
966 1283 1110 1359 precor,
1129 1259 1193 1334 illa
1207 1260 1297 1335 viro.

474 1377 575 1475 Ergo
591 1402 662 1475 ego
678 1377 854 1453 dilectam
871 1388 1018 1451 tantum
1036 1375 1190 1452 conviva
1206 1376 1369 1474 puellam

522 1493 764 1593 Adspiciaml
789 1493 893 1591 tangi
910 1516 1025 1591 quem
1037 1492 1154 1590 juvet,
1174 1491 1267 1567 alter
1283 1492 1381 1567 erit?

474 1608 714 1707 Alteriusque
731 1610 833 1683 sinus
851 1622 939 1709 apte
956 1611 1128 1707 subjecta
1143 1608 1311 1683 fovebis?
1485 1611 1507 1680 5

523 1726 671 1824 injiciet
688 1725 796 1811 collo,
815 1750 903 1799 cum
918 1725 1030 1813 volet,
1049 1725 1112 1800 ille
1127 1726 1301 1800 manum?

474 1840 615 1916 Desine
631 1842 768 1930 mirari,
786 1842 910 1941 posito
927 1843 1030 1941 quod
1047 1841 1208 1918 candida
1223 1842 1308 1916 vino

522 1958 669 2032 Atracis
687 1958 881 2056 ambiguos
893 1959 1008 2033 traxit
1024 1959 1062 2032 in
1080 1981 1183 2033 arma
1194 1958 1323 2034 viros„

474 2073 556 2148 Nec
575 2074 665 2148 mihi
682 2074 774 2148 silva
790 2074 938 2163 domus,
956 2097 1026 2148 nec
1043 2096 1142 2173 equo
1160 2095 1244 2148 mea
1259 2073 1428 2147 membra
1444 2093 1506 2145 co·

522 2189 597 2264 Vix
614 2215 637 2265 a
653 2201 691 2265 te
709 2191 835 2266 videor
852 2214 965 2291 posse
981 2203 1109 2267 tenere
1125 2213 1270 2265 manus.
1323 2188 1503 2284 [haerentz

473 2305 567 2390 Quae
584 2307 652 2380 tibi
665 2307 740 2381 sint
751 2307 923 2382 facienda
934 2320 1071 2396 tamen,
1085 2328 1288 2405 cognosce:
1311 2327 1380 2379 nec
1396 2301 1508 2376 Euris

523 2421 584 2494 Da
600 2444 695 2508 mea,
714 2446 783 2497 nec
800 2423 938 2523 tepidis
955 2425 1069 2499 verba
1084 2422 1239 2498 ferenda
1256 2420 1380 2495 Notis.
1462 2424 1507 2491 12

473 2536 571 2609 Ante
585 2537 682 2624 veni,
701 2563 815 2637 quam
831 2539 898 2613 vir.
927 2563 1008 2628 nec,
1023 2538 1126 2639 quid,
1145 2538 1177 2613 si
1195 2537 1338 2612 veneris
1356 2546 1456 2621 ante,

522 2649 649 2726 Possit
664 2653 737 2750 agi,
755 2654 884 2738 vidco;
912 2655 980 2729 sed
996 2665 1122 2730 tamen
1139 2651 1339 2729 anteveni.

473 2766 572 2840 Cum
589 2770 725 2868 premit
741 2769 802 2846 ille
819 2782 954 2860 torum,
973 2772 1078 2846 vultu
1094 2793 1220 2845 comes
1238 2769 1320 2869 ipsa
1337 2767 1508 2840 modesto

523 2883 614 2974 Ibis,
632 2896 675 2961 ut
691 2886 912 2979 adcumbas3
932 2890 1029 2965 clam
1046 2889 1137 2964 mihi
1154 2899 1266 2985 tange
1283 2884 1434 2985 pedem.
1462 2885 1507 2954 16

474 2999 540 3075 Me
557 3013 698 3101 specta,
712 3016 902 3105 nutusque
919 3032 1035 3094 meos,
1051 3006 1270 3103 vultumque
1286 3003 1504 3101 loquacem:

523 3114 669 3216 Excipe
686 3118 850 3209 furtivas,
869 3133 909 3195 et
924 3121 1020 3197 refer
1036 3123 1131 3221 ipsa,
1150 3132 1269 3195 notas.

506 3300 528 3347 l.
547 3298 634 3361 Epulas
653 3304 766 3353 uobiscum
783 3306 889 3354 aditum
915 3322 962 3354 sus·
1044 3306 1070 3353 8.
1095 3305 1210 3369 Atracis]
1239 3302 1387 3371 Hippodame
1409 3300 1509 3350 ulmeis

470 3372 544 3437 dm]
565 3373 634 3423 Nobis
648 3379 756 3426 nclitum
768 3381 853 3426 wsdem
874 3380 961 3429 Putea·
1012 3379 1078 3428 lluvii
1094 3377 1152 3436 lilia,
1171 3395 1225 3445 qun
1246 3378 1351 3427 Pirithoo
1368 3375 1457 3426 Ixionis
1474 3392 1507 3424 ex

471 3460 530 3494 neus
546 3454 571 3496 et
590 3449 768 3511 Mentelianus3
784 3461 855 3507 recte,
872 3460 899 3500 nt
912 3453 962 3518 jam
1012 3451 1139 3502 Deidamia
1155 3451 1203 3501 lilio
1221 3452 1310 3517 nupsit.
1331 3449 1386 3500 vide
1403 3450 1508 3498 Metam.

471 3521 552 3569 monui
567 3520 598 3569 nd
610 3522 768 3574 Claudianum
781 3524 825 3574 lib.
843 3524 868 3575 ii.
885 3526 962 3576 laud.
1004 3518 1054 3576 lib.
1066 3528 1105 3575 ln.
1122 3526 1166 3576 Bt
1178 3536 1257 3577 nutem
1271 3525 1311 3575 hic
1320 3524 1414 3575 nmen
1429 3532 1508 3590 petru

470 3591 526 3642 Stil.
546 3595 588 3643 ³0.
605 3596 646 3661 qni
663 3596 715 3662 pan'
732 3597 869 3657 Graecismo,
886 3603 963 3649 eudem
1011 3599 1141 3666 nymicnm,
1152 3610 1180 3650 nt
1187 3599 1314 3666 Tyndaris.

470 3670 549 3725 mori,
561 3684 612 3734 pro,
629 3668 713 3719 eadem
730 3685 784 3735 quie
803 3687 875 3728 soror.
892 3673 962 3722 dixit.
1046 3673 1085 3723 17.
1105 3674 1242 3740 Vultumqoe
1261 3673 1399 3738 upum]
1422 3671 1508 3721 noim

471 3739 604 3791 Huncine.
636 3742 690 3792 Pari
706 3743 776 3794 modo
792 3744 888 3810 etapnd
899 3746 963 3796 Atti·
1011 3749 1104 3814 legere:

471 3829 527 3863 cun:
553 3817 652 3867 Tmou
667 3815 729 3883 τᾷδε
744 3817 805 3868 lori.
841 3818 964 3887 Aristoph.
1045 3822 1171 3885 Morpxtu
1186 3823 1306 3887 uultuque
1318 3838 1385 3877 m,
1397 3831 1509 3884 mcum

472 3887 538 3939 Plut.
550 3890 607 3941 Act.
617 3890 644 3940 ii.
653 3892 693 3940 Sc.
704 3891 721 3940 i.
731 3907 780 3942 ver.
792 3894 816 3941 l.
834 3891 868 3943 Ὦ
879 3895 964 3944 πολλὰ
1076 3898 1185 3961 loquum

471 3962 963 4035 δὸτᾷδεπὸψταντὸνθύμονφόγονπς.
1011 3968 1413 4028 anntnmrisinvitiunrembnnis.
1429 3967 1510 4017 llus-

471 4038 560 4087 Bonis.
593 4040 640 4089 Ubi
650 4040 699 4091 vid.
709 4042 813 4091 Brnnck.
1012 4060 1076 4093 stus.
1109 4043 1177 4093 Nihil
1197 4052 1272 4093 muto.
1289 4044 1371 4092 vultus
1390 4044 1453 4093 eninr
1474 4045 1509 4091 ln

503 4113 530 4161 6.
546 4114 606 4176 Apte
621 4114 842 4185 nummum]
859 4115 899 4164 Sic
912 4130 962 4165 me·
1011 4118 1176 4183 quar,ostqui
1193 4117 1359 4175 informatur,
1376 4127 1403 4168 nt
1419 4117 1450 4167 sit
1465 4128 1510 4183 pru

470 4182 543 4236 liores
551 4195 693 4238 constanter.
708 4189 758 4238 Alii
765 4205 851 4256 magno
858 4206 963 4249 numero,
1012 4207 1079 4242 vnce.
1095 4191 1214 4241 ArtAm.
1225 4191 1312 4243 tou.

470 4259 759 4325 tinudntmnudioeta.
774 4262 961 4330 qunmihiprae
1044 4266 1407 4329 &pemmonem-e
1424 4266 1508 4313 nultus

471 4331 556 4380 ceteris
565 4333 653 4398 placet.
664 4346 803 4394 mutent,
815 4337 961 4401 etsubjecta.
1074 4339 1147 4388 unt.

470 4400 522 4451 sinu
532 4412 574 4453 tuo
584 4408 673 4458 fovebis
682 4408 778 4459 ulterius
787 4410 901 4459 dextram.
919 4409 962 4458 Ul·
1011 4409 1042 4459 ln
1054 4411 1089 4461 ita
1098 4414 1172 4461 mla
1183 4414 1283 4476 loquum
1291 4410 1411 4461 'llbullum
1421 4413 1450 4462 ii.
1462 4413 1508 4460 vii.

470 4476 714 4538 ωψῑῦθῖθΰδωθ-
730 4483 821 4532 Hune·
849 4484 962 4548 Fssovul·
1010 4485 1052 4535 26.
1069 4485 1158 4537 diuino
1167 4486 1367 4537 Murinsnotnvit.
1399 4487 1491 4537 Bonis.

470 4551 744 4607 gntnmrectenehaberr
752 4556 857 4605 urbinor.
874 4557 961 4604 Boou.
