3600 5925
570 808 830 875 HEROIDES.
855 808 927 874 ΕΡ.
951 809 1034 877 XV.
1260 818 1326 886 lffl

281 981 392 1058 Hunc
410 1006 458 1057 ne
475 1005 545 1080 pro
563 981 735 1080 Cephalo
753 1002 917 1078 raperes,
937 980 1094 1072 Aurora,
1113 987 1305 1066 timebam.

330 1097 381 1172 Et
397 1098 540 1173 faceres
557 1123 566 1171 ε
594 1097 662 1171 sed
680 1107 718 1170 tc
735 1096 858 1195 prima
874 1098 1006 1196 rapina
1021 1110 1138 1176 tenet.

281 1214 394 1289 Hunc
411 1216 444 1289 si
462 1213 685 1313 conspicias,
701 1237 785 1312 quae
803 1214 992 1312 conspicis
1009 1218 1146 1305 omnia,
1162 1218 1324 1311 Phoebe,

329 1328 354 1401 J
357 1354 467 1403 ussus
484 1330 557 1404 crit
573 1353 724 1403 somnos
740 1329 960 1403 continuare
979 1329 1124 1406 Phaon.
1278 1341 1327 1410 90

282 1443 394 1518 Hunc
412 1444 543 1519 Venus
561 1444 600 1517 in
617 1445 754 1518 coelum
770 1467 881 1517 curru
898 1445 1065 1521 vexisset
1081 1449 1224 1523 eburno
1238 1478 1249 1539 ;

334 1560 412 1634 Sed
428 1562 522 1635 vidit
538 1572 578 1635 et
594 1559 710 1635 Marti
727 1584 840 1659 posse
856 1560 1005 1658 placere
1017 1587 1104 1636 suo.

283 1673 318 1745 Ο
337 1699 407 1749 nec
426 1677 549 1751 adhuc
562 1675 725 1773 juvenis,
744 1699 814 1749 nec
828 1676 909 1771 jam
927 1699 1042 1773 pucr3
1070 1678 1172 1751 utilis
1188 1682 1301 1754 aetas!

333 1790 368 1862 Ο
387 1791 518 1877 decus,
537 1802 652 1888 atque
670 1791 740 1864 aeri
758 1789 878 1885 gloria
894 1812 1032 1885 magna
1047 1791 1121 1864 tuil

283 1904 371 1979 Huc
389 1907 497 1980 ades:
520 1907 634 2001 inque
652 1906 768 1986 sinus,
788 1904 963 1986 formose,
983 1904 1150 1979 relabere
1168 1905 1327 1982 nostros.

336 2020 423 2094 Non
441 2032 483 2094 ut
500 2044 614 2104 amas,
633 2038 861 2103 oraveram
879 2025 921 2088 ut
939 2039 1065 2091 amare
1083 2018 1198 2094 sinas.
1281 2027 1329 2098 96

283 2135 505 2222 Scribimus,
524 2145 563 2208 et
579 2132 743 2207 lacrimis
760 2130 860 2204 oculi
878 2142 1049 2204 rorantur
1065 2134 1219 2210 obortis.

333 2249 512 2348 Adspice,
532 2271 646 2347 quam
663 2248 714 2320 sit
729 2246 769 2319 in
783 2246 854 2318 hoc
872 2245 992 2320 multa
1004 2246 1117 2323 litura
1132 2251 1228 2325 loco.

286 2365 327 2438 Si
344 2374 421 2438 tam
439 2375 564 2439 certus
582 2383 665 2437 eras
683 2362 771 2436 hinc
787 2360 855 2447 irc,
874 2360 1083 2436 modestius
1100 2364 1217 2455 isses3

335 2479 386 2554 Et
401 2481 513 2554 modo
530 2479 714 2554 dixisses:
744 2477 857 2551 Lesbi
874 2477 1014 2576 puella,
1031 2480 1127 2553 vale.
1260 2486 1330 2555 100

286 2594 372 2669 Non
389 2607 516 2670 tecum
532 2596 718 2682 lacrimas,
737 2619 814 2668 non
831 2595 962 2667 oscula
978 2618 1127 2670 summa
1142 2596 1272 2671 tulisti.

336 2711 511 2809 Denique
528 2736 603 2785 non
619 2711 740 2798 timui,
760 2711 862 2812 qupd
880 2710 1042 2784 dolitura
1058 2710 1123 2785 lui.

286 2825 352 2900 Nil
369 2827 418 2901 dc
436 2836 475 2900 te
492 2850 643 2902 mecum
660 2838 731 2913 est,
750 2827 821 2900 nisi
839 2837 987 2900 tantum
1004 2827 1160 2925 injuria:
1188 2853 1258 2903 nec
1276 2839 1329 2916 tu,

339 2941 553 3017 Admoneat
570 2943 672 3039 quod
689 2953 740 3031 tc,
759 2941 895 3043 pignus
913 2944 1073 3020 amantis
1091 2945 1221 3020 habes.
1240 3026 1243 3031 ⁵

318 3126 358 3176 ot.
376 3126 490 3190 Aurora]
508 3125 678 3192 Ἀποστροφή,
690 3128 728 3176 vel
745 3142 787 3192 po-
837 3134 862 3176 et
876 3130 953 3176 ωιιιὶιι
965 3132 1049 3191 prino,
1059 3129 1147 3195 passim
1157 3129 1222 3195 apud
1237 3129 1333 3180 Pata.

286 3198 562 3265 tiuallpomonoita.
597 3199 669 3248 Cror.
835 3200 908 3250 Triat.
919 3199 963 3249 lib.
976 3201 993 3250 i.
1002 3203 1041 3252 El.
1053 3220 1087 3252 m

318 3274 360 3322 9³,
389 3272 439 3322 Noa
459 3274 535 3322 aditae
551 3272 671 3336 juvenis]
699 3273 785 3322 Seuec.
868 3274 991 3337 &pounb
1000 3278 1149 3326 dictamnus
1158 3295 1207 3326 sam
1217 3280 1333 3327 maltalo·

288 3346 363 3412 Epist.
381 3346 422 3394 xii.
441 3346 482 3395 But
501 3348 569 3403 alter,
588 3348 626 3409 pai
642 3363 714 3395 annos
729 3349 785 3395 ado·
931 3360 1007 3407 cutm,

287 3421 396 3468 inantia
408 3420 516 3475 eaeludit
527 3421 609 3482 estqui
624 3428 692 3467 atam
705 3423 784 3482 pueri·
903 3422 934 3470 Et
951 3425 1016 3486 quasi
1029 3425 1143 3473 datam
1159 3427 1236 3474 attala
1248 3444 1334 3476 mna

287 3495 438 3542 tianiarrrditu
448 3496 629 3558 moadttringit.
932 3498 993 3548 dodi.

320 3567 362 3616 96.
391 3566 444 3614 Non
465 3576 492 3614 at
512 3584 572 3616 aner
591 3583 636 3623 oro,
658 3584 736 3616 venam
758 3578 786 3616 at
835 3568 894 3617 Mox
906 3571 978 3629 malo,
989 3590 1037 3636 pua
1047 3575 1150 3622 dolitura
1152 3573 1207 3639 sai.
1228 3574 1319 3623 Harae.

287 3657 367 3689 amare
392 3639 473 3703 anat]
502 3641 611 3689 Putarem
637 3640 715 3699 illum,
738 3658 785 3707 quo
870 3643 986 3694 103.Noc
996 3646 1188 3709 ta,ddnroneat.]
1202 3646 1334 3694 Dausaro-

286 3715 474 3783 prosequebatur
482 3714 577 3781 Sappho
591 3715 713 3765 Phacium
729 3731 785 3766 auc·
835 3714 900 3765 lebet
909 3719 1008 3782 injuria,
1018 3737 1066 3782 aaa
1077 3737 1111 3768 no
1121 3722 1247 3767 admnoat.
1265 3719 1335 3767 Bera-

288 3798 325 3837 tor
340 3788 412 3855 hujus
426 3788 537 3855 Epistola
555 3789 649 3854 egregie
665 3788 784 3855 exprimit,
835 3804 937 3840 munus
961 3791 1045 3848 edidit,
1073 3793 1207 3847 Admonuit,
1234 3792 1336 3853 wanoh

288 3860 331 3931 aad
342 3877 450 3911 mmm
466 3861 621 3912 amabilitatis
635 3861 728 3910 Plinius
741 3862 786 3910 lib.
834 3866 920 3927 pignus
934 3868 1034 3912 amantis
1048 3867 1122 3914 haben
1155 3863 1288 3920 (ἶοιιὶηήο,
1306 3878 1336 3914 tc

289 3933 347 3985 xxii.
357 3937 382 3985 8.
398 3935 468 3986 refert
478 3935 509 3984 ad
524 3934 628 3984 radicem
642 3933 720 3983 herba
730 3950 787 3984 caa-
839 3936 915 3985 Podta
930 3936 1014 3994 voluit,-
1027 3954 1108 3987 sensu.
1127 3936 1194 3986 nobis
1211 3937 1337 3985 Admoneat

289 4008 361 4068 dida,
378 4026 430 4075 qua
447 4013 614 4071 centanoapita
628 4016 741 4069 vocatum
756 4007 787 4057 de
836 4008 925 4073 placet,
939 4020 965 4058 et
980 4010 1131 4060 diductione
1141 4025 1193 4059 esse
1203 4008 1337 4075 jurandum

290 4099 339 4149 qua
349 4092 509 4151 portentorum
519 4081 625 4139 uadunt,
634 4084 733 4131 radicem
739 4086 789 4145 rjai
837 4081 916 4131 locum
927 4083 1056 4133 credimus:

291 4158 426 4206 numnam
435 4174 499 4205 aeras
508 4156 681 4204 similtudinem
691 4154 787 4220 referre,
1176 4154 1225 4203 Nec
1237 4165 1274 4212 ta,

292 4246 369 4279 manu
386 4232 545 4288 incantatori
562 4232 581 4277 ri
598 4230 654 4278 airis
668 4231 790 4295 conngerit
871 4229 997 4277 Admoneat
1015 4233 1074 4294 quod
1090 4240 1120 4286 te,
1137 4233 1223 4296 pigras
1239 4233 1338 4280 mantis

292 4306 533 4370 naaaarabilafieri.
549 4306 576 4353 oo
591 4304 664 4353 loca
676 4304 790 4352 Phaonem
905 4304 978 4352 habes.

296 4376 397 4427 Ιιώίωιι
416 4381 524 4428 dilectam
544 4396 559 4426 a
579 4377 676 4441 Sappho.
719 4377 791 4435 Quod
841 4375 1031 4426 Nullumtecam
1046 4377 1224 4442 pignuslrebcs,
1235 4378 1299 4444 quod
1312 4388 1336 4430 ta

293 4450 372 4501 nocio
382 4467 413 4501 an
423 4450 546 4517 diuaquia
556 4450 692 4517 prodiderit.
702 4451 792 4500 Bura.
842 4448 969 4500 admoram
986 4452 1033 4500 mei
1051 4451 1161 4502 amantia
1180 4453 1205 4502 in
1223 4453 1271 4503 alia
1288 4453 1337 4504 lec-

329 4525 384 4574 101.
403 4526 489 4575 Oscula
499 4536 576 4574 nonna
588 4524 687 4589 tulisti]
708 4524 792 4574 Ouala
841 4524 906 4573 tione
915 4541 1009 4575 aarum
1019 4525 1111 4575 nullum
1122 4526 1199 4576 rideo.
1216 4528 1337 4586 aescula,

293 4616 379 4648 arnna
396 4599 503 4667 plerique
520 4609 620 4649 veterae.
642 4598 676 4648 ric
693 4610 792 4648 canona
841 4598 981 4649 alanna
990 4599 1137 4651 discedentia
1147 4617 1184 4651 me
1195 4602 1298 4659 tulisses,
1308 4616 1338 4650 ea

294 4676 378 4729 acuta,
395 4691 498 4737 suprem
514 4674 599 4730 oscula,
615 4674 697 4722 altino
706 4676 791 4729 oscula,
840 4673 883 4723 tibi
896 4673 982 4741 pignus
991 4683 1078 4733 emeat,
1089 4675 1153 4740 quod
1164 4685 1187 4724 te
1203 4677 1337 4730 admonere,
