3600 5925
835 740 952 801 VITA.

435 904 617 985 ceteroquin
629 904 744 965 nescit?
764 904 1038 984 lassiraqnievimus
1050 904 1143 965 ambo.

476 997 1073 1078 Proreuiautmediiaiemihiuepedies!

359 1212 481 1290 Quare,
501 1213 530 1278 si
547 1234 588 1278 ea
604 1211 655 1277 vel
675 1209 753 1289 filia,
773 1209 823 1276 vel
842 1211 960 1295 neptis,
979 1209 1029 1275 vel
1047 1208 1162 1276 ancilla
1181 1209 1402 1288 Caesaria'vel

358 1336 559 1399 quaecunque
574 1312 637 1379 alia
656 1314 754 1378 fuerit
772 1315 817 1379 sic
837 1311 882 1377 illi
899 1335 986 1390 cara,
1001 1323 1038 1378 ut
1058 1323 1234 1399 propterea
1250 1313 1403 1378 Ovidium

359 1412 567 1500 relegaverit3
590 1437 654 1479 non
674 1437 775 1493 error,
791 1416 850 1480 sed
869 1414 974 1480 scelus
992 1415 1124 1492 fuisset3
1148 1437 1213 1479 non
1226 1416 1343 1480 inscius
1357 1417 1403 1478 vi·

359 1516 458 1581 disset
471 1518 602 1593 crimen,
618 1517 677 1580 sed
688 1518 791 1581 sciens
806 1516 944 1582 fecisset.
989 1516 1100 1595 Adde,
1115 1517 1204 1602 quod
1218 1517 1251 1580 in
1265 1540 1339 1582 eum
1353 1540 1403 1581 er·

359 1640 463 1683 rorem
485 1617 598 1682 incidit
615 1618 684 1702 jam
704 1638 819 1682 senex:
844 1617 1017 1681 Corinnam
1036 1640 1112 1683 vero
1127 1618 1254 1704 juvenis
1273 1619 1400 1683 amavit.

361 1718 414 1785 Sic
428 1720 512 1784 enim
526 1719 568 1782 de
583 1740 618 1783 se
633 1719 706 1804 ipso
719 1718 761 1782 iv.
778 1717 879 1782 Trist.
897 1717 993 1802 Eleg.
1011 1740 1050 1782 x:

436 1936 571 1997 Carmina
582 1957 649 1996 eum
662 1934 768 2015 populo
781 1934 908 2014 primum
916 1936 1060 2014 juvenilia
1072 1937 1139 2005 feci,

477 2031 573 2090 Barba
585 2040 694 2090 resecta
706 2029 778 2087 mihi
791 2028 881 2097 bisve,
895 2029 1021 2088 semelve
1033 2030 1102 2089 fuit.

437 2125 571 2185 Moverat
584 2124 733 2202 ingenium
747 2133 837 2182 totam
851 2133 968 2182 cantata
980 2143 1032 2202 per
1044 2125 1145 2183 arbem

475 2219 602 2279 Nomine
615 2238 673 2278 uon
686 2238 753 2277 vero
766 2216 844 2276 dicta
858 2216 984 2275 Corium
996 2217 1076 2275 mihi.

359 2430 433 2498 Nec
461 2441 542 2517 puto
566 2430 620 2496 hic
645 2451 727 2508 eam,
754 2431 847 2515 quasi
867 2429 1025 2515 gaudeus,
1050 2430 1255 2508 nominasset,
1281 2431 1308 2495 si
1333 2433 1403 2516 ejus

359 2533 493 2598 miserie
520 2543 555 2598 et
581 2531 684 2597 exsilii
704 2553 802 2596 causa
824 2530 947 2596 fuisset
999 2531 1207 2596 Credendum
1228 2542 1316 2597 certe
1341 2545 1402 2612 est,

359 2633 479 2719 aliquid
504 2636 546 2700 ab
569 2634 689 2699 Ovidio
709 2656 770 2719 per
799 2654 941 2698 errorem
964 2634 1076 2711 risum,
1103 2636 1341 2720 cognitumque,
1366 2647 1404 2700 ut

358 2747 533 2822 propterea
552 2737 594 2801 ab
613 2734 737 2800 offenso
756 2733 908 2820 Augusto
934 2736 995 2800 sub
1014 2733 1105 2799 Artis
1125 2738 1287 2801 amatoriae
1307 2736 1403 2824 culpa

359 2836 481 2902 Tomos
502 2834 663 2922 relegatus
683 2837 743 2899 sit:
766 2835 825 2899 sed
842 2836 995 2919 quidnam
1015 2834 1095 2901 illud
1114 2836 1310 2914 fuerit,m1m
1329 2840 1403 2904 sciri

358 2938 428 3024 ipae
448 2937 596 3016 noluerit,
612 2938 829 3023 nequidquam
849 2939 1042 3022 quaerimus3
1064 2940 1242 3025 praesertim
1262 2964 1346 3019 eum,
1361 2964 1402 3007 ne

358 3052 533 3125 quaeratur,
544 3042 590 3106 sic
604 3042 675 3126 ipse
685 3040 821 3126 jubeat:

428 3243 553 3322 ¹Ecquid
565 3253 703 3322 preterea
715 3242 866 3321 ροοωτίω,
879 3260 1007 3320 querere
1020 3242 1090 3313 noli,

476 3337 520 3397 Ut
531 3348 630 3418 pateat
643 3336 703 3396 sola
715 3335 801 3416 culpa
814 3338 868 3396 sub
881 3348 944 3397 arte
956 3358 1029 3397 mea.

402 3547 565 3613 Exsulans
586 3560 694 3613 autem
714 3549 747 3612 in
771 3547 850 3614 locis
875 3550 1069 3636 asperrimis,
1091 3563 1126 3616 et
1150 3552 1402 3638 perinhumanis,

359 3673 446 3736 saepe
471 3662 508 3715 ut
536 3650 648 3716 saltem
676 3652 709 3715 in
738 3653 894 3716 mitiorem
919 3652 1025 3717 locum
1053 3652 1264 3739 relegaretur,
1290 3656 1402 3740 petiit:

359 3774 554 3837 quamquam
578 3752 629 3817 vel
653 3755 777 3818 veniam
801 3755 1045 3839 impetraturum
1074 3778 1108 3819 se
1137 3756 1179 3818 ab
1206 3755 1403 3841 Imperatore

358 3856 520 3940 sperabat.
566 3854 787 3941 Quapropter,
802 3879 843 3921 eo
857 3869 996 3935 mortuo,
1011 3858 1053 3922 de
1069 3857 1175 3922 Ponto
1190 3859 1230 3921 iv.
1249 3857 1344 3943 Eleg.
1360 3860 1400 3923 ri.

359 3956 404 4021 sic
419 3955 525 4020 dolet:

436 4199 570 4278 (imperat
583 4198 737 4277 Augustus
750 4199 878 4279 deaepte
890 4199 1037 4278 ignoscere
1050 4199 1157 4279 culpe:

476 4291 563 4371 Spem
577 4304 703 4353 noemam
715 4305 807 4355 terras
820 4294 1006 4374 deseruitque
1017 4294 1114 4354 simul.

436 4385 531 4458 Quale
542 4398 641 4446 tamen
653 4387 736 4466 potui
750 4387 787 4447 de
799 4388 907 4457 ooelite,
922 4389 1026 4458 Brute,
1038 4392 1149 4450 reoeuti

475 4479 1139 4562 Vestraproaulpmitusoarmeuiuoradadi.
