3600 5925
562 817 826 890 HEROIDES.
848 822 920 887 ΕΡ.
944 824 993 888 Χ.

270 998 419 1073 Interea
434 1006 515 1071 toto
532 996 708 1070 clamanti
724 995 846 1081 litore,
864 994 1029 1084 Theseu,

319 1114 549 1188 Reddebant
565 1135 700 1185 nomen
717 1132 997 1185 concarasaxa
1012 1119 1141 1187 tuum:

270 1228 322 1302 Et
338 1229 485 1327 quoties
503 1249 574 1324 ego
591 1237 643 1313 te,
661 1226 772 1300 toties
790 1226 895 1299 locus
913 1225 995 1324 ipse
1012 1228 1191 1314 vocabat;

321 1343 410 1443 lpse
427 1343 535 1417 locus
551 1342 696 1416 miserae
713 1340 808 1416 ferre
824 1343 974 1417 volebat
990 1367 1113 1441 opem.

269 1457 383 1533 Mons
400 1458 491 1549 fuit3
521 1458 705 1557 adparent
718 1455 871 1530 frutices
888 1457 927 1530 in
944 1459 1083 1533 vertice
1100 1461 1194 1550 rari3
1264 1467 1314 1538 25

320 1572 422 1648 Hinc
439 1573 620 1672 scopulus
638 1572 760 1645 raucis
777 1571 919 1669 pendet
935 1573 1072 1647 adesus
1090 1576 1212 1674 aquis.

268 1688 486 1777 Adscendo,
504 1690 619 1787 (vires
636 1689 783 1763 animus
801 1687 933 1781 dabat)
950 1697 1065 1786 atque
1081 1689 1136 1765 ita
1150 1692 1226 1766 late

318 1805 485 1905 AEquora
500 1814 702 1904 prospectu
720 1804 854 1877 metior
870 1805 949 1879 alta
963 1828 1062 1879 meo.

268 1919 365 1995 Inde
382 1944 453 2019 ego
466 1922 571 2017 (nam
584 1918 706 1993 ventis
723 1942 878 2017 quoque
896 1943 982 1993 sum
999 1921 1213 1997 crudelibus
1231 1921 1316 2017 usa)

318 2037 404 2112 Vidi
422 2036 605 2137 precipiti
623 2036 783 2111 carbasa
798 2046 906 2110 tenta
921 2046 1024 2110 noto.
1266 2043 1316 2112 30

267 2151 345 2226 Aut
361 2152 457 2228 vidi:
486 2163 551 2228 aut
568 2152 695 2239 ctiam,
714 2174 802 2228 cum
819 2175 881 2225 me
897 2151 1038 2226 vidisse
1054 2163 1239 2251 putarem,

317 2267 501 2365 Frigidior
517 2267 638 2366 glacie
657 2268 950 2366 semanimisquc
966 2266 1033 2342 firi.

267 2382 350 2460 Nec
368 2386 545 2482 languere
562 2386 626 2460 diu
644 2387 786 2484 patitur
801 2384 921 2460 dolor.
948 2384 1094 2459 excitor
1110 2384 1186 2472 illo,

318 2498 494 2590 Excitor3
523 2511 563 2576 et
580 2502 728 2576 summt
744 2500 895 2577 Thesea
910 2525 1002 2577 voce
1018 2525 1123 2576 voco.
1263 2504 1312 2575 34

268 2614 354 2702 Quo
367 2614 491 2713 fugis?
509 2618 702 2691 exclamo:
728 2616 924 2704 scelerate,
937 2627 1135 2704 revertere,
1148 2615 1312 2691 Theseu.

319 2730 449 2806 Flecte
465 2743 605 2822 ratem3
633 2757 830 2806 numerum
847 2755 922 2806 non
940 2733 1055 2807 babet
1071 2733 1136 2806 illa
1152 2756 1274 2806 suum.

267 2842 364 2919 Hoec
383 2870 466 2943 ego.
494 2848 597 2946 quod
614 2849 696 2921 voci
713 2848 853 2935 deerat,
871 2849 1051 2947 plangore
1069 2847 1275 2946 replebam.

318 2959 486 3037 Verbera
502 2987 593 3038 cum
605 2964 728 3038 verbis
746 2962 866 3038 mixta
881 2962 985 3039 fuere
1004 2965 1112 3038 meis,

268 3075 401 3151 Sinon
420 3078 581 3166 audires,
601 3088 644 3151 ut
661 3078 795 3153 saltem
813 3103 966 3154 cernere
984 3104 1129 3178 posses,

314 3192 338 3266 J
341 3204 473 3268 actatae
491 3195 566 3269 late
584 3194 693 3291 signa
709 3194 850 3269 dedere
867 3218 1014 3268 manus.
1263 3198 1313 3268 40

267 3308 517 3409 Candidaque
534 3312 695 3410 imposui
713 3312 835 3408 longe
852 3311 1039 3386 velamina
1053 3311 1178 3409 virgae,

319 3425 475 3499 Scilicet
491 3426 626 3500 oblitos
644 3426 881 3500 admonitura
897 3427 984 3501 mei.

298 3600 342 3649 25.
365 3598 517 3664 Momfaitd
541 3596 624 3665 Dryon
639 3600 765 3666 rignificat,
815 3600 870 3651 Alio
881 3601 1118 3655 mododiciturcloro
1126 3612 1218 3663 maaet
1229 3620 1313 3669 magno

262 3672 289 3721 in
308 3688 381 3738 quem
399 3673 480 3723 delata
500 3689 515 3722 a
534 3673 632 3723 Baccho
651 3674 765 3724 Ariadne.
814 3693 875 3726 uoce.
909 3677 982 3727 Cror.

262 3746 303 3795 are
319 3754 346 3796 a
359 3747 425 3813 uua
435 3747 526 3797 catur.
537 3747 619 3797 cnm.
634 3746 694 3797 nu.
709 3748 763 3798 uo.
846 3752 888 3800 aa.
907 3751 1058 3815 arama]
1076 3751 1175 3800 muro
1191 3749 1243 3797 nee
1260 3747 1313 3813 qu.

263 3820 354 3871 Δυι.
813 3821 869 3873 dem
883 3825 910 3874 in
925 3826 974 3876 alia
988 3841 1013 3875 re
1028 3824 1115 3891 sepius
1124 3823 1270 3879 occurritur
1285 3821 1314 3871 ti.

296 3896 337 3944 28.
363 3894 436 3944 Nunc
453 3896 580 3959 scopula]
605 3896 657 3945 Nor
672 3896 763 3963 recepi·
814 3897 987 3948 Fortuita.

264 3969 508 4039 mulctaremur:
521 3984 568 4018 nou
584 3968 764 4021 enimdr'iadnc
848 3972 999 4035 thucmrm
1015 3987 1098 4020 manua
1112 3986 1314 4033 mmmmm

264 4050 380 4091 mutam
390 4043 421 4091 ab
431 4057 461 4091 eo
471 4051 576 4107 tempore
586 4041 672 4091 montis
682 4041 763 4092 cundi·
874 4048 946 4103 doun,
956 4047 1055 4095 maru.

264 4114 352 4164 tionem
373 4115 425 4164 vult
442 4116 549 4172 innuere,
569 4114 612 4164 red
632 4130 662 4164 cx
683 4124 764 4165 moute
813 4117 861 4166 Sed
877 4117 917 4166 hic
934 4114 1140 4182 marimepropric
1155 4114 1233 4182 potita
1246 4112 1312 4166 vidc-

263 4198 363 4254 μηω,
382 4188 457 4239 imur
476 4189 576 4255 scopuli,
592 4189 718 4239 eminuisse
739 4189 764 4240 in
813 4199 861 4240 tur.
878 4182 984 4240 nam'ric
1000 4198 1026 4238 et
1039 4189 1116 4238 Cicer.
1127 4206 1152 4238 v.
1164 4188 1257 4239 Verrio.
1269 4192 1312 4242 61.

264 4277 337 4312 mare.
359 4269 387 4312 at
407 4281 433 4312 v.
457 4264 523 4313 rur.
547 4264 603 4313 150.
625 4263 686 4312 Pon
707 4265 765 4313 bona
815 4263 878 4312 Tum
888 4267 957 4321 tatic,
969 4274 1022 4312 tuus
1037 4266 1314 4328 argumentatum

263 4339 345 4385 mtir
363 4352 447 4386 auam
465 4337 561 4387 dicitur.
600 4337 689 4386 Pendet
709 4353 765 4386 vcro
815 4337 949 4397 Clauum
964 4339 1075 4388 tocdieit
1090 4356 1112 4388 κ
1125 4341 1151 4388 ia
1169 4348 1254 4390 um
1268 4360 1313 4393 cru

264 4410 394 4475 eleganter,
408 4411 466 4476 quia
479 4411 582 4460 inferiori
598 4424 663 4477 parte
679 4410 765 4461 merua
813 4428 933 4477 φαίνω,
944 4415 982 4460 uti
994 4412 1124 4476 Pccbgaoc
1139 4418 1240 4464 tortari
1253 4434 1311 4480 pra-

264 4483 342 4548 ιῳιὶι,
358 4501 428 4551 mper
443 4502 523 4551 equor
542 4486 646 4551 pendere
664 4484 763 4534 videta·
812 4486 870 4532 sidio
885 4488 967 4534 militer
981 4487 1104 4550 colligeret,
1114 4505 1167 4552 pura
1182 4490 1207 4538 in
1218 4494 1313 4542 novibus

264 4566 312 4606 tur.
330 4558 490 4623 ticpmuabn
501 4559 595 4607 Doara.
617 4558 706 4607 Buarr.
813 4560 940 4617 caueam,
960 4564 1019 4624 qood
1035 4573 1096 4611 certe
1115 4582 1161 4612 non
1173 4565 1313 4629 stricato

297 4633 340 4681 ³4.
359 4631 390 4680 Et
410 4635 497 4682 unul
517 4633 599 4682 Tlrcoeu
617 4649 668 4683 coar
688 4632 761 4695 ouen]
812 4639 1203 4697 mumumuuucrlmbcrmt.
1220 4639 1310 4688 Bon.
