3600 5925
579 781 839 849 HEROIDES.
862 783 933 848 ΕΡ.
958 784 1082 850 XVII.
1287 790 1354 857 237

308 953 366 1028 Tu
384 977 550 1053 quoque,
570 956 636 1051 qul
653 956 793 1053 poteris
810 956 879 1030 tibi
897 980 958 1031 me
976 981 1127 1056 sperare
1144 959 1306 1051 fidelem,

360 1070 412 1144 Et
428 1095 503 1144 non
521 1070 706 1167 exemplis
724 1071 859 1144 anxius
877 1095 961 1146 esse
978 1075 1080 1147 tuis?

309 1185 550 1283 Quicumque
569 1183 706 1258 Iliacos
724 1186 915 1260 intraverit
932 1188 1077 1262 advena
1092 1201 1235 1287 portus,
1280 1197 1353 1267 215

264 1377 269 1384 ,
361 1300 401 1373 Is
419 1301 488 1376 tibi
506 1300 655 1375 solliciti
673 1324 808 1374 caussa
824 1302 967 1376 timoris
985 1305 1068 1377 erit.

310 1417 399 1517 lpse
418 1417 508 1491 mihi
527 1418 676 1515 quoties
695 1419 823 1505 iratus,
843 1418 1037 1506 Adultera,
1057 1420 1185 1495 dices!

361 1532 513 1607 Oblitus
532 1542 660 1606 nostro
678 1533 960 1607 crimeninesse
976 1544 1095 1607 tuum.

311 1646 451 1722 Delicti
468 1648 536 1722 fies
555 1649 655 1721 idem
674 1648 920 1746 reprehensor
935 1658 976 1721 et
991 1659 1134 1723 auctor.

359 1764 487 1849 Terra,
506 1788 651 1863 precor,
669 1765 795 1837 vultus
812 1765 948 1838 obruat
965 1774 1052 1837 ante
1069 1788 1186 1838 meos.
1280 1749 1355 1841 226

309 1877 362 1953 At
379 1879 479 1953 fruar
497 1878 623 1953 Iliacis
640 1880 776 1977 opibus
794 1880 977 1977 cultuque
995 1879 1128 1954 beato:
1153 1965 1158 1974 ,

360 1993 548 2092 Donaque
566 1994 761 2093 promissis
779 1995 953 2069 uberiora
968 1993 1098 2068 feram.

310 2109 483 2209 Purpura
499 2135 636 2208 nempe
653 2110 744 2184 mihi
763 2111 1005 2208 pretiosaque
1022 2119 1129 2182 texta
1144 2109 1353 2186 dabuntur:

360 2225 628 2325 Congestoque
646 2227 725 2301 auri
744 2227 911 2325 pondere
929 2226 1033 2298 dives
1051 2248 1127 2298 er0.

311 2340 374 2414 Da
388 2343 536 2417 veniam
554 2342 680 2431 fassae3
701 2367 776 2416 non
794 2352 883 2416 sunt
898 2352 966 2416 tua
982 2365 1139 2428 munera
1155 2342 1261 2416 tanti.
1280 2348 1354 2417 225

360 2455 501 2531 Nescio
519 2482 595 2555 quo
608 2458 720 2531 tellus
737 2481 799 2532 me
816 2468 922 2531 tenet
938 2458 1011 2530 ista
1027 2457 1153 2529 modo.

311 2571 405 2656 Quis
424 2573 527 2659 inibi,
546 2574 578 2646 si
597 2573 723 2659 laedar,
743 2572 922 2670 Phrygiis
940 2581 1135 2645 succurrat
1151 2572 1189 2643 in
1207 2571 1307 2645 oris?

363 2685 474 2761 Unde
492 2698 620 2786 petam
636 2688 772 2774 fratris,
792 2687 893 2759 unde
911 2685 1076 2784 parentis
1093 2686 1230 2783 opem?

312 2801 453 2875 Omnia
470 2802 620 2876 Medeae
637 2801 752 2875 fallax
770 2801 941 2899 promisit
958 2799 1093 2887 liison3

361 2915 480 2991 Pulsa
496 2927 556 2991 est
573 2917 729 2991 AEsonib
747 2941 837 2991 num
855 2916 978 2990 minus
996 2917 1060 2990 illa
1076 2917 1214 2990 domol
1282 2922 1356 2992 230

311 3031 400 3105 Non
418 3043 498 3107 erat
515 3032 656 3119 AEetes,
672 3033 721 3106 ad
739 3056 853 3130 quem
871 3032 1053 3130 despecta
1069 3032 1228 3106 rediret:

362 3147 449 3221 Non
468 3147 580 3246 Ipsba
597 3172 747 3246 parenS,
767 3148 1053 3247 Chalciopeque
1071 3172 1187 3222 soror.

342 3348 400 3396 22⁴.
428 3347 578 3413 Congestoque
605 3350 661 3395 auri
684 3349 806 3412 pondere]
859 3348 922 3413 quod
933 3347 1046 3397 alibiiiae
1060 3346 1200 3414 pentametri
1212 3347 1356 3397 sedeaNa·

310 3421 419 3478 Quatuor
434 3421 538 3479 codices,
558 3425 665 3487 congesti.
683 3422 754 3472 male.
771 3432 809 3472 eet
858 3422 1015 3471 tabefactum
1031 3437 1079 3470 uon
1094 3421 1210 3471 recordor.
1227 3422 1359 3472 Heiutus.

309 3493 445 3559 virgiliana
459 3493 570 3543 imitatio.
585 3495 604 3543 i.
620 3495 678 3545 369.
701 3494 808 3560 Ignotum
858 3495 916 3544 vid.
935 3495 989 3544 inlr.
1008 3497 1065 3545 256.
1098 3487 1200 3544 Dubita't
1219 3495 1298 3544 nullus
1315 3495 1355 3545 Cl.

307 3571 402 3632 αμα·
410 3571 498 3629 pondus
513 3578 536 3616 ei
545 3573 607 3618 auri.
624 3569 665 3619 ubi
675 3573 755 3635 ingena
765 3570 808 3620 alii
857 3569 966 3636 Iaenuep.
983 3569 1041 3634 quin
1059 3569 1146 3618 Ouidio
1164 3568 1203 3617 hic
1220 3570 1358 3618 obversatus

307 3641 414 3691 codices.
447 3642 538 3690 Burin.
857 3644 984 3693 occurrerit
1000 3642 1160 3692 nobilissimus
1173 3642 1272 3691 Homeri
1282 3643 1356 3699 baua,

342 3716 400 3764 226.
417 3716 457 3764 Me
468 3726 529 3765 ma
538 3719 582 3764 istu
592 3716 675 3781 moda]
695 3716 748 3779 Ipsa
759 3717 807 3767 Pu-
857 3715 930 3764 Iliad.
946 3722 975 3766 1⁸.
993 3718 1051 3765 236.
1071 3716 1112 3763 ubi
1130 3715 1192 3763 inter
1212 3714 1356 3763 Achivorum

308 3800 417 3847 teaneus,
435 3789 525 3855 aliique
542 3790 606 3839 baud
624 3790 705 3855 pauci.
727 3791 807 3839 Heru-
856 3788 983 3854 principes,
1002 3804 1061 3853 quos
1083 3795 1150 3835 notat
1173 3793 1199 3834 et
1218 3795 1357 3835 recensete

308 3879 370 3933 qiua
401 3863 464 3912 'Haec
485 3874 546 3911 terro
567 3862 696 3912 dicendam
716 3862 807 3920 fuisoet,
857 3861 976 3911 moenibus
993 3862 1079 3926 Troje,
1094 3860 1177 3909 fratres
1192 3875 1247 3908 auos
1263 3860 1358 3908 Helena

305 3937 388 4002 judice
398 3936 506 3994 raucio,
516 3936 558 4001 qui
567 3936 622 3984 ideo
629 3936 741 3999 legebat:
856 3934 984 3984 desiderat.

317 4070 321 4075 ι
343 4009 423 4058 Nescio
432 4026 475 4073 quo
483 4020 550 4058 terre
558 4017 642 4073 tangor
651 4023 728 4055 amore
735 4023 796 4054 m.
889 4005 953 4057 Δοιῶ
962 4005 982 4055 δ’
992 4007 1022 4056 oi
1029 4005 1138 4072 δύναμαι
1145 4003 1216 4055 ἰδέειν
1223 4002 1357 4071 κοσμήτορε

308 4078 808 4145 SadboceatcarmiuasuaproOridiauis
921 4081 1001 4137 λαῶν,

308 4155 443 4206 cumdem.
477 4155 526 4204 lau
546 4164 591 4210 ent,
613 4169 684 4219 quam
706 4162 733 4202 tu
752 4168 808 4202 oon·
891 4150 1008 4218 Κάστορά
1028 4150 1050 4201 τ’
1070 4149 1223 4217 ἱππόδαμον,
1245 4153 1286 4201 ml
1306 4154 1357 4209 πὺξ

309 4227 650 4286 ternaria,etbarbaraurdicis⁸
683 4227 774 4275 Burin.
921 4225 1021 4292 ἀγαθὸν
1030 4224 1194 4283 Πολυδεύκεα,

342 4304 399 4353 228.
418 4303 485 4352 Unda
499 4312 573 4366 petam
582 4301 695 4368 thiria]
713 4300 808 4349 Fratm
891 4298 1110 4365 Δύτοκασιγνήτω.
1120 4298 1357 4366 τώμοιμὲαγείνατο

308 4376 408 4426 meliora
425 4375 580 4441 exemplaria.
607 4375 707 4424 alterum
728 4382 809 4423 tamen
921 4372 1014 4439 μήτηρ.
1234 4372 1324 4423 Auia.

307 4448 424 4506 humus,
433 4449 517 4514 etjam
529 4464 545 4498 a
560 4450 662 4513 Lynceo
671 4447 809 4497 interiectus
890 4448 950 4496 2³1.
963 4447 1097 4511 Demere]
1112 4446 1213 4510 Depulaa
1224 4447 1355 4497 lovanien-

308 4532 361 4570 erat
371 4522 462 4571 Castor.
478 4522 521 4571 aed
538 4520 637 4571 offendit
648 4520 738 4571 vocalis
750 4519 807 4569 ulti·
858 4520 898 4570 sis.
917 4521 1115 4586 DeieetuMoreti.
1124 4519 1188 4587 quod
1198 4538 1279 4571 verum
1289 4531 1357 4589 puto.

308 4610 374 4644 mam
393 4594 516 4661 excipieris
536 4595 652 4659 syllabam
672 4596 697 4643 in
710 4594 808 4659 fratris,
858 4594 892 4644 ita
902 4610 972 4661 supra
983 4596 1142 4646 tentabamus.
1176 4594 1253 4661 Epist.
1265 4596 1343 4647 mii.
