3600 5925
496 744 561 809 324
787 742 826 805 Ρ.
850 739 1011 806 OVIDII
1035 738 1244 805 NASONIS

498 917 597 991 Cum
616 917 733 988 multa
747 914 957 1000 abstuleris,
972 924 1014 985 ut
1030 937 1104 986 non
1117 924 1242 986 tamen
1257 915 1380 989 omnia
1395 916 1525 1006 donet;

548 1031 659 1115 Quod
676 1053 882 1129 numquam
898 1029 1045 1117 reddas,
1060 1029 1272 1103 commodet
1288 1055 1409 1129 usque
1425 1055 1526 1128 roga.

498 1146 643 1243 Lingua
660 1149 778 1245 juvet,
806 1157 1046 1241 mentemque
1072 1154 1188 1241 tegat.
1215 1146 1395 1233 blandire,
1418 1170 1528 1222 noce·

546 1262 668 1362 Impia
683 1265 754 1338 sub
771 1262 871 1336 dulci
889 1261 999 1334 melle
1015 1282 1157 1334 venena
1173 1260 1301 1335 latent.
1424 1263 1527 1358 [que.

495 1377 589 1452 Haec
607 1379 639 1451 si
656 1377 885 1477 praestiteriS,
905 1401 976 1450 usu
992 1376 1083 1448 mihi
1100 1377 1250 1473 cognita
1264 1377 1397 1472 longo;
1460 1380 1528 1449 105

545 1494 628 1569 Nec
643 1495 797 1568 tulerint
812 1517 923 1568 voces
939 1502 1072 1566 ventus
1090 1502 1129 1565 et
1145 1515 1234 1566 aura
1250 1515 1353 1566 meas
1369 1520 1378 1579 ;

495 1609 607 1708 Saepe
624 1608 715 1683 mihi
731 1609 835 1682 dices
851 1609 944 1680 vivae
962 1609 1081 1681 bene:
1108 1630 1208 1705 saepe
1225 1608 1386 1703 rogabis,

544 1724 599 1799 Ut
615 1742 700 1798 mea
716 1722 902 1797 defunctae
916 1722 1077 1796 molliter
1093 1745 1179 1795 ossa
1195 1723 1345 1795 cubent.

494 1839 579 1914 Vox
596 1851 678 1913 erat
692 1840 731 1912 in
747 1863 870 1925 cursu,
889 1862 976 1912 cum
994 1863 1053 1912 me
1071 1862 1155 1913 mea
1170 1838 1333 1937 prodidit
1350 1838 1492 1910 umbra.

541 1955 747 2029 Atnostrte
762 1955 826 2029 vix
843 1978 885 2028 se
902 1954 1117 2028 continuere
1134 1977 1277 2041 manus,
1457 1956 1524 2024 110

491 2070 593 2155 Quin
611 2072 734 2145 albam
752 2093 949 2166 raramque
966 2093 1124 2155 comam,
1142 2069 1413 2166 lacrimosaque
1429 2067 1511 2141 vino

542 2185 710 2274 Lumina,
729 2210 882 2284 rugosas
900 2186 1222 2282 distraherentque
1240 2208 1368 2287 genas

491 2302 541 2375 Dl
556 2304 626 2377 tibi
636 2305 726 2377 dent
740 2303 938 2400 nullosque
951 2302 1060 2389 lares,
1075 2303 1300 2401 inopemque
1313 2309 1516 2387 senectam3

540 2417 590 2492 Et
606 2420 735 2515 longas
752 2418 907 2505 hiemes,
927 2428 1221 2516 perpetuamque
1238 2416 1351 2491 sitim.

485 2650 530 2699 lib.
541 2649 575 2699 iii.
585 2661 610 2700 et
618 2652 678 2701 infra
691 2652 734 2701 lib.
744 2652 771 2701 ii.
804 2652 979 2703 nonnemo.
1030 2651 1093 2703 dem.
1103 2652 1133 2702 de
1142 2650 1428 2716 manibussuisloqnitur.
1444 2649 1520 2697 Hrus·

486 2723 622 2775 Cromnos.
654 2724 679 2773 Si
689 2734 772 2791 sponte
780 2742 823 2775 sua
839 2736 928 2775 amator
937 2725 980 2776 tibi
1029 2743 1091 2775 erus.
1126 2727 1311 2788 omnemque
1325 2724 1444 2773 Mentelii.
1461 2722 1520 2788 qnod

483 2798 578 2847 nullum
587 2798 669 2848 afferet
678 2813 771 2855 munus,
780 2807 806 2848 tu
817 2814 872 2848 enm
882 2800 979 2849 interro-
1029 2796 1133 2864 elegans,
1144 2808 1168 2848 et
1178 2799 1293 2855 omnibns,
1306 2813 1360 2863 que
1378 2797 1519 2862 precedunt,

484 2873 559 2936 gabis,
580 2889 689 2938 qaenam
706 2888 795 2922 memes
813 2873 839 2921 in
855 2873 894 2921 via
913 2890 979 2924 sacra
1029 2872 1199 2922 accommodari
1209 2880 1301 2939 potest;
1319 2870 1361 2920 sed
1371 2873 1520 2919 danmat-

483 2946 624 3005 vendentur,
632 2945 714 3012 quanti
721 2953 841 2996 constent:
854 2956 877 2996 te
885 2946 979 2997 illarum
1027 2965 1069 3010 qne
1086 2946 1196 3012 legerem.
1209 2946 1257 2996 vid.
1271 2944 1302 2994 sd
1312 2943 1389 3011 Epio.
1406 2961 1431 2994 x.
1441 2945 1481 2994 46.
1496 2952 1520 2993 et

483 3020 588 3086 aliquam
604 3037 698 3086 cupere,
713 3020 755 3069 sed
771 3020 872 3070 nummis
887 3037 977 3078 carere,
1030 3022 1085 3069 120.
1118 3022 1206 3070 Bonis.

483 3091 518 3142 ian
535 3093 595 3143 utei
610 3092 768 3159 innuas,qnid
785 3093 828 3143 tibi
845 3110 923 3144 emere
937 3095 978 3144 de·
1061 3095 1115 3144 11³.
1133 3094 1167 3142 Di
1184 3096 1225 3143 tibi
1240 3096 1294 3143 dent
1309 3095 1425 3156 nutuque
1440 3093 1519 3159 lam]

482 3168 546 3216 beet.
582 3168 622 3216 Vin
645 3168 733 3232 sacrm]
763 3167 810 3216 Vis
835 3183 903 3217 sacra
928 3179 979 3217 eret
1029 3167 1148 3231 Nudaque
1157 3168 1262 3233 quinque
1272 3166 1361 3232 scripti.
1389 3167 1517 3215 Hnsmus.

482 3240 566 3290 Rome
582 3242 677 3290 ecuris
692 3241 767 3291 veteri
782 3257 862 3291 versus
877 3241 978 3308 Amphi·
1028 3239 1111 3289 Nullos
1127 3242 1193 3299 lam,
1204 3241 1266 3306 quod
1280 3256 1360 3289 omnes
1374 3250 1429 3289 ente
1444 3240 1518 3288 Hein-

482 3314 607 3373 thestrum,
622 3332 697 3382 nsque
716 3316 747 3365 ed
767 3331 845 3365 arcem
863 3315 977 3382 Capitoli·
1026 3314 1087 3362 sium
1102 3315 1160 3364 editi
1177 3324 1280 3370 tuentur,
1291 3322 1316 3362 et
1328 3312 1407 3379 optimi
1424 3314 1520 3363 codices

482 3402 547 3436 nam.
1027 3387 1122 3446 habent,
1133 3389 1249 3438 revocari.
1265 3391 1323 3437 nudi
1338 3388 1399 3438 enim
1414 3391 1472 3437 lares
1488 3404 1520 3438 en

517 3462 570 3510 104.
593 3460 690 3525 impin]
717 3461 870 3519 Dire,'saevs,
891 3461 979 3526 quibus
1026 3470 1089 3510 recte
1113 3461 1222 3511 dicantur
1240 3462 1311 3513 valde
1338 3461 1428 3511 dubito.
1463 3463 1519 3512 Non

480 3534 547 3601 impii
567 3534 673 3584 homines
690 3545 787 3585 utuntur
807 3534 832 3584 in
849 3535 977 3587 veneficiis.
1026 3536 1089 3585 male
1099 3536 1170 3584 etiarn
1181 3536 1273 3601 Regius
1283 3537 1397 3602 explicet,
1407 3547 1433 3586 nt
1444 3538 1520 3587 nullu

480 3605 607 3658 Possumus
623 3608 662 3658 hic
674 3609 703 3658 de
720 3608 790 3658 melle
801 3618 850 3658 arte
860 3619 977 3658 venenato
1026 3608 1089 3657 redes
1099 3610 1193 3666 hahent,
1200 3609 1243 3658 sed
1253 3610 1278 3658 in
1288 3611 1419 3675 porticibus
1425 3612 1521 3677 etmgi·

480 3679 623 3748 intelligere:
640 3682 703 3747 quod
714 3683 789 3747 magis
799 3683 887 3748 placet.
918 3683 975 3730 Mn·
1025 3681 1185 3748 portiscibnm
1195 3684 1324 3733 mendicet.
1358 3686 1446 3735 Bonis.

481 3772 547 3806 urus.
834 3747 838 3756 ’
1060 3758 1114 3806 111.
1133 3757 1164 3805 Er
1175 3758 1275 3823 longa]
1295 3758 1343 3806 Per
1352 3759 1517 3810 Famesisnus:

513 3830 567 3878 109.
585 3829 635 3878 Nos
644 3841 693 3879 erar
702 3834 726 3879 in
736 3830 827 3895 curm]
845 3830 914 3880 Male
921 3832 973 3896 qui·
1024 3839 1089 3896 puto,
1091 3831 1145 3897 fer.
1163 3831 1296 3881 Herssrns.
1330 3833 1457 3883 emam
1465 3835 1517 3898 lye-

478 3902 534 3952 dam
544 3901 602 3951 editi
610 3912 634 3952 et
642 3904 730 3969 scripti,
740 3903 790 3952 Non
800 3914 850 3952 erat
860 3907 886 3952 in
896 3921 984 3972 cursu.¹
1023 3921 1067 3953 meu
1081 3905 1155 3955 codex
1166 3906 1263 3954 Douw.
1279 3906 1322 3955 sed
1339 3907 1400 3956 illud
1416 3908 1518 3971 percle·

479 3975 648 4025 Fast.v.245.
683 3976 973 4028 matisconensi.
1022 3991 1082 4043 gans
1091 3980 1149 4028 milri
1159 3979 1258 4038 videtur,
1267 3989 1294 4030 ut
1305 3983 1517 4047 erroremperlon·

478 4047 553 4115 Epist.
563 4067 587 4099 v.
599 4051 676 4099 eret
684 4050 718 4099 ri.
729 4052 771 4099 39.
805 4051 973 4101 Consumsere
1021 4069 1065 4118 ges
1088 4055 1193 4118 hyemes,
1214 4056 1299 4120 quibus
1324 4055 1517 4106 intolerabiliores

476 4121 528 4171 hec
539 4124 664 4180 vocabula,
675 4141 719 4171 nor
734 4133 757 4172 et
772 4141 813 4173 sor
823 4123 926 4174 vidimus
941 4125 972 4174 ed
1021 4136 1084 4185 sunt,
1094 4138 1119 4176 et
1129 4127 1224 4194 inopem
1238 4135 1355 4177 senectam
1372 4144 1416 4193 per
1431 4145 1516 4194 perpe·

477 4194 553 4261 Epist.
563 4196 663 4246 iiilld.
697 4198 784 4247 Bosa.
1020 4209 1086 4251 tuam
1095 4201 1158 4252 sitim
1169 4203 1314 4268 imprecetur,
1324 4217 1371 4266 qno
1382 4203 1437 4251 anni
1448 4203 1512 4252 mul·

510 4269 564 4318 112.
577 4270 773 4335 montemque
778 4273 868 4339 genos]
879 4272 970 4321 Distra-
1020 4276 1101 4325 tibibe
1112 4277 1203 4326 nullum
1213 4276 1304 4342 gravius
1314 4284 1456 4326 tormentum
1466 4291 1512 4325 ex-

474 4339 595 4405 luantque
603 4344 970 4412 Puteaneusoumoliisquibus·
1020 4350 1117 4414 cogitari
1126 4350 1208 4415 possit.
1239 4349 1323 4399 Bonis.
