3600 5925
459 711 525 784 288
755 719 794 781 P.
818 715 979 783 ovlnll
1003 716 1213 785 NASONIS

463 894 623 967 Sustulit
639 893 709 965 hoo
728 892 866 978 nutrix,
884 891 1105 990 mirataque,
1125 891 1297 991 Perlege,
1316 894 1422 970 dixit.
1478 955 1482 962 .

512 1008 672 1083 Insidias
688 1009 774 1106 legi,
792 1032 928 1106 magne
944 1010 1068 1107 polita,
1085 1020 1183 1084 tuas.
1423 1017 1495 1085 llo

462 1126 623 1202 Nomine
639 1126 802 1223 conjugii
819 1125 934 1212 dicto,
952 1124 1107 1200 confina
1123 1126 1265 1225 pudore

514 1243 623 1318 Sensi
640 1267 701 1318 me
718 1242 806 1317 totis
823 1242 1017 1316 erubuisse
1034 1242 1162 1339 genis:

462 1358 695 1457 Luminaque
712 1358 751 1431 in
767 1358 921 1454 gremio,
939 1357 1054 1432 veluti
1069 1357 1205 1446 defixa,
1223 1358 1418 1445 tenebam

512 1474 670 1550 Lumina
685 1473 865 1572 propositi
882 1472 982 1548 facta
997 1474 1166 1548 ministra
1180 1475 1248 1547 tui.
1425 1478 1493 1546 114

463 1592 651 1691 improbe,
669 1589 762 1686 quid
779 1588 947 1685 gaudes?
973 1598 1038 1663 aut
1055 1613 1140 1687 quoe
1156 1589 1224 1664 tibi
1251 1591 1369 1687 gloria
1389 1601 1497 1689 parta

512 1707 659 1792 Quidve
675 1706 730 1777 vir
745 1705 851 1780 elusa
869 1704 1011 1801 virgine
1027 1704 1149 1780 laudis
1166 1705 1305 1779 habes?
1398 1705 1494 1801 [estl

463 1823 550 1899 Non
566 1845 638 1919 ego
653 1820 893 1894 constiteram
911 1819 1033 1894 sumti
1049 1821 1192 1919 peltata
1207 1820 1349 1910 seeuri;

512 1937 643 2024 Qualis
661 1935 699 2011 in
717 1934 832 2010 Iliaco
849 1933 1090 2011 Penthesilea
1105 1936 1196 2011 solo.

461 2055 598 2130 Nullus
615 2052 820 2127 Amazonio
836 2051 990 2126 caelatus
1007 2052 1153 2128 balteus
1169 2076 1271 2140 auro,

511 2172 618 2246 Sicut
634 2172 682 2245 ab
700 2168 920 2269 Hippolyte,
937 2169 1066 2268 praeda
1081 2170 1198 2245 relata
1214 2168 1283 2242 tibi
1299 2178 1369 2243 est.
1422 2171 1493 2240 120

460 2286 597 2373 Verba,
615 2285 707 2383 quid
724 2285 903 2372 exsultas,
922 2287 1036 2360 tunsi
1054 2287 1144 2360 mihi
1160 2286 1274 2360 verba
1288 2284 1490 2371 dederuut3

511 2402 681 2499 Sumque
697 2425 828 2501 parum
845 2402 1011 2501 prudens
1028 2413 1140 2502 nepta
1155 2402 1282 2501 puella
1296 2399 1418 2475 dolisl

461 2518 662 2617 Cydippen
679 2517 843 2617 pomum,
862 2542 1017 2617 pomum
1035 2518 1260 2593 Sehoeneida
1274 2516 1386 2616 oepit.

507 2633 566 2707 'lu
582 2657 682 2710 nunc
701 2632 971 2734 Hippomenes,
990 2635 1146 2723 scilieet,
1165 2634 1360 2709 nitereris.

459 2751 511 2825 At
526 2749 647 2824 fuerat
661 2750 808 2839 melius,
821 2752 871 2849 (si
887 2763 926 2827 te
943 2777 1038 2849 puer
1053 2752 1125 2827 iste
1141 2751 1307 2837 tenebat,
1423 2751 1493 2821 125

508 2865 631 2951 Quem
646 2877 689 2940 tu
706 2867 832 2941 nescio
849 2890 945 2966 quas
962 2867 1057 2942 dicis
1074 2868 1214 2943 habere
1231 2864 1364 2959 faces)

459 2982 567 3058 More
583 2983 690 3058 bonis
707 2983 818 3057 solito
834 3008 941 3083 opem
958 3008 1033 3057 non
1051 3006 1286 3083 eorrumpere
1302 2981 1443 3055 fraude.

508 3099 709 3174 Exoranda
724 3100 805 3188 tibi,
825 3125 898 3175 non
916 3102 1099 3200 capienda
1115 3100 1180 3174 sui.

458 3216 548 3303 Cur,
567 3238 628 3289 me
644 3238 731 3289 oum
748 3224 908 3314 peteres,
928 3240 974 3291 ea
990 3239 1063 3290 non
1081 3215 1289 3315 profitenda
1305 3213 1479 3314 putabas,

507 3329 667 3428 Propter
683 3354 769 3429 quae
786 3331 894 3406 nobis
912 3332 993 3430 ipse
1010 3332 1195 3430 petendus
1212 3331 1317 3405 eras?
1421 3333 1494 3402 130

454 3669 520 3719 velut
529 3685 600 3737 supra
609 3669 690 3720 viden
703 3678 740 3719 ert
748 3671 773 3720 in
782 3686 863 3721 eorum
877 3688 947 3738 ergu-
997 3687 1039 3738 pro
1048 3670 1198 3737 deeept'nne.
1213 3671 1359 3721 urorum.
1380 3670 1492 3720 Peion

455 3742 547 3793 mentis.
579 3744 675 3793 Mrem.
997 3744 1364 3796 lrooetminimellmnianum.

489 3818 544 3866 117.
553 3816 659 3881 Secum]
669 3817 748 3867 Securi
757 3826 857 3868 veteru.
867 3818 946 3869 nnm-
1031 3820 1087 3870 12³.
1099 3819 1193 3868 Pom
1200 3819 1417 3883 Saluto-ufto]
1427 3818 1493 3868 vide

454 3906 517 3939 srns.
552 3891 764 3940 catomum
780 3892 909 3957 elegunt,
918 3902 946 3943 ut
996 3892 1040 3943 hl).
1059 3910 1084 3942 x.
1103 3893 1265 3959 nmmum.
1282 3901 1308 3941 et
1323 3893 1494 3958 Androm

453 3964 625 4030 milespmtoi
642 3964 792 4030 adpugnare
806 3968 898 4033 proprie
909 3968 946 4017 di·
995 3965 1040 4015 lib.
1051 3965 1087 4015 lii.
1099 3966 1263 4016 Benenate.
1278 3966 1353 4015 Cror.

453 4038 524 4086 citur.
532 4037 620 4087 eldad
630 4036 794 4105 Petroniietp.
804 4039 945 4091 rinveler.
1029 4040 1124 4088 Pom
1140 4039 1274 4089 &lemida
1291 4040 1376 4104 oepit]
1393 4038 1493 4088 Atalan-

453 4112 593 4161 amerii.
605 4114 660 4162 1³³.
693 4112 769 4176 nam
783 4116 946 4165 vietum
996 4112 1263 4162 mechonoth:
1280 4114 1495 4177 qnmprbeoe

452 4187 602 4234 titiam.
618 4186 708 4234 Βυιιι.
986 4202 1051 4236 sum
1064 4186 1193 4236 maine
1209 4187 1494 4252 mummulo

487 4259 542 4306 121.
565 4259 677 4308 semu
698 4271 740 4308 tu
760 4261 946 4310 umet-ili
995 4260 1492 4327 Hippomanes-moinum

452 4332 540 4394 νεὼ]
559 4331 661 4380 Schema
677 4341 722 4390 eet,
740 4333 887 4383 emnem
903 4349 944 4381 vo·
995 4336 1379 4402 mammaeam
1388 4348 1493 4400 occepe-

449 4409 580 4456 eantcum
595 4403 658 4453 idem
678 4422 762 4456 nomen
778 4406 891 4472 repetitur
908 4406 944 4453 di·
995 4417 1044 4457 ret:
1065 4418 1093 4458 ut
1110 4408 1174 4458 idem
1190 4412 1261 4476 poeta
1283 4411 1308 4459 in
1327 4407 1492 4474 Metamorph.

448 4488 518 4522 vern
542 4474 720 4538 significatione.
770 4478 849 4527 Priore
879 4479 943 4528 enirn
994 4480 1038 4532 lib.
1053 4485 1090 4532 10.
1102 4480 1183 4532 trudit

445 4560 509 4606 loeo,
524 4545 592 4593 Verte
603 4548 694 4613 proprie
709 4560 844 4601 sumuntur:
862 4552 943 4607 altero,
