3600 5925
570 757 787 827 Altonum
814 757 1046 825 1.113;111.·9.
1281 759 1347 824 425

308 935 445 1009 Omnia
461 934 699 1033 possideant:
727 932 800 1007 illis
818 931 1063 1032 Campusque
1082 931 1295 1031 Fornmque

357 1049 520 1125 Serviat:
548 1051 586 1124 hi
604 1072 736 1150 pacem
754 1049 945 1147 crudaque
962 1049 1062 1123 bella
1078 1059 1221 1145 gerant.

306 1162 467 1240 Tantum
485 1189 532 1240 ne
550 1175 697 1239 nostros
714 1164 812 1238 avidi
829 1163 1043 1263 praedentur
1060 1186 1226 1251 amores3

356 1280 407 1356 Et
423 1283 514 1357 satis
530 1290 601 1368 est,
620 1280 761 1378 aliquid
779 1279 955 1378 pauperis
972 1302 1057 1353 esse
1074 1278 1209 1352 sinant.
1294 1281 1344 1350 60

307 1396 359 1472 At
375 1421 486 1483 nuno,
505 1405 681 1494 exaequet
699 1395 849 1470 tetricas
867 1394 956 1468 licet
972 1394 1036 1469 illa
1054 1393 1226 1480 Sabinas,

358 1511 525 1611 Imperat
539 1523 582 1587 ut
597 1523 732 1611 captae,
751 1512 816 1609 qui
834 1511 924 1585 dare
941 1511 1059 1583 multa
1075 1517 1212 1608 potest.

308 1626 375 1702 Me
391 1628 564 1728 prohibet
579 1638 728 1702 custos:
757 1627 795 1700 in
812 1652 873 1703 me
889 1629 1000 1700 timet
1016 1626 1080 1700 illa
1096 1625 1281 1699 maritum.

359 1743 400 1816 Si
417 1743 595 1831 dederim,
614 1745 695 1818 tota
713 1745 822 1818 cedet
839 1753 998 1841 uterque
1015 1743 1138 1817 domo.

309 1857 357 1944 O,
376 1859 407 1932 si
425 1859 585 1955 neglecti
603 1859 804 1958 quisquam
824 1858 929 1932 Deus
947 1858 1044 1932 ultor
1061 1857 1231 1940 amantis,
1295 1859 1343 1928 65

357 1972 450 2048 Tam
467 1976 564 2050 male
581 1978 759 2072 quaesitas
777 1974 929 2073 pulvere
946 1983 1065 2048 mutet
1082 1972 1190 2071 opes!

664 2491 890 2566 ELEGIA
918 2493 989 2566 IX.

310 2683 515 2758 Memnona
532 2683 563 2754 si
581 2692 711 2768 mater,
730 2691 849 2757 mater
866 2682 1023 2781 ploravit
1039 2681 1223 2768 Achillen,

293 2873 304 2888 ,
359 2798 409 2872 Et
425 2807 584 2896 tangunt
600 2820 755 2893 magnas
772 2797 894 2872 tristia
910 2796 987 2871 sata
1005 2796 1128 2886 Deas3

311 2912 463 2989 Flebilis
481 2911 664 3009 indignos,
685 2911 851 3010 Elegeia,
871 2912 972 2987 solve
989 2910 1156 3011 capillos.
1228 2978 1231 2991 .

358 3029 419 3102 Ah
436 3028 545 3102 nimis
563 3052 611 3102 ex
629 3052 715 3103 vero
733 3053 831 3102 nnnc
849 3028 918 3103 tibi
936 3051 1070 3102 nomen
1088 3027 1177 3102 erit!

308 3145 377 3218 llle
393 3145 449 3218 tui
464 3154 569 3217 vates
586 3144 724 3241 operis,
743 3155 809 3218 tua
825 3143 936 3230 sama,
955 3142 1126 3216 Tibullus
1321 3151 1344 3219 5

357 3259 476 3334 Ardet
491 3258 529 3331 in
546 3269 731 3343 extructo,
749 3283 884 3358 corpus
903 3258 1024 3344 inane,
1042 3282 1144 3356 rogo.

310 3374 423 3461 Ecce,
442 3397 535 3472 puer
550 3372 708 3448 Veneris
725 3372 797 3448 lert
813 3397 1058 3471 eversamque
1075 3375 1299 3474 pharetram,

359 3489 410 3566 Et
425 3489 562 3562 fractos
580 3512 701 3576 arcus,
720 3498 759 3564 et
775 3489 856 3563 sine
873 3490 958 3563 lnce
975 3488 1107 3564 lacem.

340 3770 380 3820 59.
398 3768 559 3817 Nostrorooidi
566 3769 686 3817 lucrentur
694 3768 798 3832 amora]
850 3769 894 3818 ult.
905 3777 941 3819 est
950 3785 1005 3818 vero
1015 3768 1054 3817 hie
1061 3767 1199 3832 elliprieror‘r
1208 3769 1235 3823 ri,
1246 3774 1272 3814 ut
1282 3783 1344 3834 sape

308 3841 488 3908 licumrjam
496 3841 656 3891 &mannus
666 3841 690 3890 in
697 3843 802 3907 margine
851 3842 908 3891 alibi
919 3842 1059 3893 notavimus
1069 3840 1117 3889 vid.
1128 3840 1159 3889 ed
1167 3839 1185 3889 i.
1196 3839 1251 3889 Am.
1261 3841 1292 3888 iv.
1304 3843 1344 3889 29.

307 3915 405 3974 notavit,
416 3924 442 3965 et
454 3912 577 3980 explicuit,
590 3915 691 3980 pretinm
707 3914 732 3963 in
742 3930 799 3965 nnc·
851 3924 877 3964 et
885 3915 944 3965 ntis
954 3923 998 3972 ert.
1007 3915 1028 3963 si
1036 3914 1115 3964 sinant
1125 3913 1215 3980 aliquid
1225 3929 1276 3963 ersa
1286 3930 1344 3980 pau·

306 3989 476 4040 tioneofferant
485 4003 527 4052 pro
535 4001 588 4036 mea
597 3987 686 4051 puella.
702 3987 801 4038 sednon
850 3988 923 4054 peris.
955 3989 1044 4037 Bou.

307 4064 384 4128 egitur
403 4061 443 4112 hic
461 4060 493 4110 dc
513 4058 614 4117 ancillis,
633 4075 687 4125 quo
706 4061 802 4111 venales
883 4062 923 4112 66.
940 4060 1143 4126 Palmensem.)
1160 4061 1188 4111 ld
1199 4060 1345 4111 estrdnihi·

307 4152 358 4186 esne
373 4135 492 4189 solebant,
509 4148 582 4198 quare
599 4132 658 4181 milri
675 4134 801 4200 praeplncet
849 4133 899 4184 lum
906 4134 1098 4201 redigmnbul.
1109 4134 1126 4183 i.
1137 4152 1160 4185 ι.
1172 4137 1212 4185 12.
1229 4135 1344 4185 Mrnror.

307 4207 379 4256 lectio
397 4203 499 4256 Palatini
515 4214 540 4255 et
549 4203 756 4264 Francolurtenrir,
766 4224 802 4255 or-
1066 4235 1132 4246 -

309 4290 405 4329 nentur:
421 4282 459 4331 vel
467 4282 608 4343 predantur.
641 4278 729 4328 Burin.
886 4283 910 4330 l.
928 4280 1028 4346 Mota]
1044 4280 1146 4331 Aurora.
1181 4281 1266 4332 Maur.
1280 4283 1343 4336 The·

342 4356 384 4404 60.
407 4355 437 4403 Et
457 4358 511 4404 ratis
529 4364 571 4411 ert,
593 4356 681 4418 oliprid
697 4357 803 4419 propris
852 4355 891 4404 tir.

308 4445 353 4478 aare
362 4429 460 4492 riman]
481 4428 549 4483 Quen
564 4429 618 4476 ratis
634 4436 665 4476 ert
676 4426 759 4477 Dono
768 4427 802 4476 le·
885 4431 911 4478 5.
930 4427 975 4476 Tui
985 4439 1045 4478 cotes
1059 4422 1154 4494 operit]
1173 4427 1203 4478 Id
1219 4437 1257 4479 est
1269 4447 1346 4482 sacro·

309 4502 391 4566 gebat,
409 4501 434 4550 id
454 4510 499 4558 ert,
517 4502 557 4567 qni
579 4516 657 4551 amore
676 4511 701 4550 et
720 4501 804 4567 opibus
853 4511 1006 4552 nrmtnorum
1015 4502 1119 4553 ιιιῑὶιια.
1136 4510 1345 4569 ntopuetopera-

310 4574 439 4628 nbundrnt.
451 4573 502 4625 rid.
516 4581 540 4624 et
550 4591 612 4640 supr.
629 4574 697 4641 Elcg.
708 4575 733 4626 ii.
743 4592 803 4627 verr.
854 4580 875 4626 rr'
884 4576 975 4644 proprie
985 4576 1016 4629 de
1025 4577 1106 4629 storin
1139 4576 1227 4627 Boou.
