3600 5925
601 725 815 793 ‚erronum
839 725 929 788 mn.
955 725 1023 789 111.
1046 726 1077 790 s.
1287 716 1352 788 sor
1444 698 1449 709 '

307 901 439 977 lnvidn
455 899 570 975 vestis
587 924 682 986 eras,
702 923 787 997 quse
806 910 883 973 tam
901 901 1000 973 bona
1016 921 1124 972 crura
1140 898 1312 995 tegebas:

357 1017 519 1116 Quoque
536 1018 656 1114 magis
672 1028 837 1117 spectes,
856 1016 982 1090 invida
998 1015 1112 1088 vestis
1130 1037 1225 1087 eras.

302 1130 412 1207 Talia
429 1132 611 1212 Milanion
629 1131 825 1206 Atalantes
843 1155 953 1205 crura
969 1129 1112 1228 fugacis

357 1249 513 1348 Optavit
530 1248 702 1324 manibus
720 1247 943 1321 sustinuisse
961 1246 1051 1318 suis.
1298 1248 1348 1315 30

305 1361 413 1437 Talia
429 1365 630 1439 succinctae
648 1363 851 1463 pinguntur
868 1385 978 1436 crura
996 1360 1141 1447 Dianae,

357 1480 457 1554 Cum
475 1482 644 1578 sequitur
661 1479 788 1566 sortes,
808 1477 935 1551 sortior
953 1477 1047 1577 ipsa,
1065 1477 1175 1552 feras.

308 1592 379 1669 His
396 1619 467 1693 ego
485 1621 558 1671 non
576 1596 664 1670 visis
683 1596 768 1670 arsi.
797 1595 888 1693 quid
905 1594 971 1669 fiet
988 1594 1035 1668 ab
1054 1593 1160 1667 istisl

358 1710 403 1784 ln
420 1712 609 1787 flammam
627 1712 810 1800 flammas,
828 1712 866 1785 in
884 1736 987 1787 mare
1004 1710 1128 1785 fundis
1146 1732 1276 1807 aquas.

308 1825 488 1925 Suspicor
504 1853 554 1904 cx
571 1830 652 1903 istis
670 1843 709 1905 et
725 1840 852 1904 cetera
867 1853 981 1929 posse
999 1828 1159 1927 placere,
1298 1827 1346 1897 35

357 1943 451 2028 Quae
469 1946 566 2020 bene
584 1948 655 2019 sub
673 1947 775 2021 tenui
793 1946 946 2021 condita
961 1955 1064 2020 veste
1082 1943 1211 2017 latent.

306 2056 374 2132 Vis
391 2069 518 2136 tamen
536 2061 678 2136 interea
694 2062 823 2136 faciles
840 2083 1031 2137 arcessere
1047 2070 1190 2141 ventos,

357 2174 463 2261 Quos
481 2164 594 2252 saciat
611 2178 738 2251 nostri
755 2189 857 2252 mota
873 2177 1014 2252 tabella
1029 2174 1168 2249 manu?

307 2288 367 2363 An
385 2291 504 2388 magis
522 2292 583 2366 hie
602 2316 708 2367 meus
725 2304 785 2366 est
801 2294 928 2379 animi,
948 2316 1021 2365 non
1038 2290 1145 2375 adsis,
1164 2297 1291 2373 aestus,

359 2404 558 2505 Captaque
575 2407 758 2483 semineus
776 2419 930 2507 pectora
946 2415 1061 2481 torret
1078 2405 1207 2478 amor?
1299 2407 1349 2473 40

310 2518 410 2595 Dum
422 2523 569 2620 loquor,
581 2524 668 2598 alba
679 2525 785 2621 nigro
799 2549 931 2623 sparsa
944 2535 1003 2599 est
1015 2523 1082 2597 tibi
1101 2522 1253 2620 pulvere
1265 2542 1347 2594 ves·

360 2637 519 2715 Sordide
536 2640 585 2714 de
603 2641 710 2714 niveo
728 2665 882 2739 corpore
902 2640 1023 2737 pulvis
1041 2637 1114 2711 abi.
1269 2634 1347 2729 [tis.

306 2931 392 2982 nempe
403 2914 499 2973 illucet,
511 2933 564 2982 que
575 2919 677 2982 cogebat
690 2928 805 2986 spectato
856 2920 967 2970 &hoenei
986 2919 1042 2975 filis,
1064 2916 1150 2967 nobilis
1170 2932 1249 2965 cursu.
1276 2914 1351 2965 alters

308 2991 494 3041 resintmsuum
504 3008 622 3058 quemque
640 2994 746 3044 ordinem
757 3010 806 3044 mu·
855 2996 984 3052 Arcadica,
999 3010 1070 3061 quum
1087 2992 1180 3059 perdite
1195 2990 1284 3041 amavit
1299 2990 1349 3039 ,ui-

309 3080 372 3115 uere.
406 3066 495 3115 Banu.
856 3069 945 3124 luuiou,
967 3077 991 3117 et
1011 3083 1065 3133 que
1088 3064 1259 3131 speciosissima
1282 3079 1349 3113 crum

340 3141 382 3189 28·
402 3140 495 3204 Qunpes
514 3143 586 3207 magis
603 3142 706 3206 spectes]
727 3144 807 3193 Peuces
856 3141 949 3191 habuit.

308 3215 332 3263 iu
344 3214 418 3263 tribus
428 3213 502 3272 libris,
514 3214 579 3281 quod
591 3231 636 3264 non
648 3214 805 3274 invenustum.
890 3216 1011 3282 fugacia]
1027 3214 1236 3271 velociaceleris.
1263 3213 1334 3264 Cros.

309 3288 421 3338 Heinsius
437 3297 568 3339 notaverat.
584 3289 627 3339 sed
643 3302 725 3354 specta
742 3301 806 3342 recte
889 3291 929 3340 38.
947 3289 1007 3345 Quos
1017 3288 1098 3354 furiat
1112 3291 1258 3338 omnum
1268 3290 1351 3340 uuella

309 3362 409 3420 Marius,
428 3378 470 3429 pro
491 3364 573 3427 sliquos
592 3374 710 3426 spectum,
730 3366 805 3431 capit.
856 3364 1350 3429 muuu.]ll1alcquidamflcdellu,coulra

308 3448 408 3500 penore
419 3453 474 3488 rem
489 3436 528 3486 hic
547 3446 583 3486 est
601 3438 725 3496 estimare.
737 3456 805 3505 repu·
856 3440 925 3490 metri
934 3441 1001 3504 leges
1009 3438 1165 3489 etsermcnis:
1176 3439 1350 3494 flubellseuim.

308 3520 366 3567 ture.
377 3510 520 3559 examinare.
554 3510 643 3561 Burs.
856 3517 943 3563 tubelle
959 3524 1055 3565 munte
1074 3513 1138 3579 liguo
1152 3514 1208 3564 exili
1228 3514 1350 3570 actm.

341 3584 383 3633 29.
403 3584 470 3632 Talia
485 3584 609 3642 Milanion,
626 3586 683 3651 dic]
702 3586 747 3636 vu
764 3603 805 3652 po-
856 3605 917 3654 quss
934 3589 1013 3638 avium
1030 3587 1126 3654 plumis.
1141 3597 1167 3637 et
1182 3586 1351 3637 rarissimarum

306 3659 357 3709 tius
374 3659 500 3715 Melosios,
511 3657 574 3707 idem
592 3661 633 3724 qui
647 3661 806 3727 Hippomene.
855 3663 961 3727 quidem,
981 3661 1120 3712 induebant.
1151 3660 1219 3727 Seps
1237 3659 1309 3711 etism
1326 3660 1352 3709 in

309 3734 434 3784 Atalantes
443 3733 544 3799 conjux:
555 3734 605 3783 vid.
617 3734 728 3802 Apollcd.
739 3734 804 3784 Bibl.
855 3736 920 3786 hunc
936 3753 1005 3786 usum
1021 3750 1139 3803 pavonum
1153 3734 1235 3784 cauda
1253 3733 1351 3785 adhibe·

307 3808 343 3857 iii.
358 3809 384 3858 9.
401 3817 425 3857 et
435 3823 489 3873 quse
505 3806 687 3858 inormem.
714 3808 804 3872 Hem.
855 3809 954 3870 beatum
971 3808 1350 3873 necmrorariipsuniiuunum

308 3880 417 3931 Nllrilud
431 3897 480 3930 rem
497 3890 608 3937 nostram.
619 3897 673 3948 quus
684 3880 715 3930 tle
726 3881 805 3931 Mela·
855 3882 995 3933 fasciculum
1005 3882 1225 3947 intersecolligati.
1253 3884 1350 3950 Duplex

309 3957 377 4006 nium
395 3953 498 4020 quodum
514 3953 578 4019 apud
592 3953 712 4020 Aristoph.
727 3954 806 4020 Lysis·
855 3966 936 4006 sutem
946 3958 1093 4007 flabelloruur
1105 3956 1168 4023 apud
1179 3965 1270 4007 veteres
1284 3973 1349 4015 uuus,

309 4040 364 4080 uer.
376 4029 432 4079 786.
441 4037 561 4078 nsmtur:
578 4027 651 4076 nostri
658 4044 713 4079 uero
723 4030 805 4079 menri·
855 4044 909 4095 quse
918 4038 943 4080 et
951 4032 1060 4080 umlsllas
1069 4029 1279 4096 sdpellsbuut‚seu
1290 4033 1352 4081 aeris

310 4105 345 4154 uit
355 4105 462 4169 Propert.
473 4102 490 4151 i.
501 4102 569 4166 Eleg.
578 4100 594 4148 i.
605 4103 629 4149 9.
854 4102 1008 4167 refrigerandi
1018 4119 1147 4161 csusmseu
1157 4103 1188 4153 ud
1198 4103 1353 4169 abigendus

343 4175 671 4240 Miumicasullcssugs'mdo,
685 4174 805 4231 Tullnla·
853 4176 1026 4227 somniantibus
1046 4193 1147 4228 muscas.
1179 4178 1297 4229 Gereudis
1322 4195 1351 4228 sc

279 4241 285 4262 ¹
373 4252 441 4308 torn,
855 4250 1016 4301 custodiendis
1024 4252 1124 4302 flabellis
1132 4252 1266 4319 peculiares
1275 4254 1350 4306 aucil-

342 4326 454 4375 Seuiu'an
463 4328 527 4375 dare
536 4326 639 4376 emundis
651 4322 746 4376 luridos.
854 4320 892 4374 las
902 4324 1030 4386 habebunt,
1040 4341 1100 4392 quus
1116 4341 1237 4378 surunere
1247 4328 1350 4395 ipsofls.

228 4437 236 4446 ,
685 4398 774 4450 Assae,
856 4399 971 4461 belliferas
980 4399 1190 4455 coemetario
1207 4412 1230 4451 et
1240 4403 1350 4454 Terentio

344 4472 484 4538 Atalantes]
515 4474 576 4523 Due
599 4474 709 4524 luerunt:
732 4472 806 4523 sltem
854 4472 996 4539 colligimus.
1029 4473 1118 4528 Auru.
