3600 5925
567 746 791 813 attonuit.
838 747 928 812 tut
953 749 980 812 Ι.
1003 749 1034 814 8.
1254 753 1317 819 &21

282 918 426 1006 Forma,
446 919 518 991 nisi
535 919 722 1005 admittas,
740 920 842 993 nullo
860 932 1062 997 exercente
1079 926 1261 1001 senescit:
1286 1004 1289 1011 ,

331 1035 413 1109 Nec
431 1035 522 1109 satis
539 1034 695 1109 effectus
713 1059 809 1109 unus
826 1046 866 1110 et
881 1037 976 1111 alter
992 1038 1143 1113 habent.

280 1151 428 1225 Certior
444 1175 466 1225 e
483 1151 622 1237 multis,
641 1174 710 1225 nec
727 1161 805 1226 tam
822 1153 1005 1228 invidiosa
1020 1155 1151 1253 rapina
1169 1167 1239 1230 est.
1267 1160 1314 1230 55

330 1266 450 1342 Plena
464 1267 565 1342 venit
580 1268 684 1342 canis
700 1269 749 1343 de
765 1293 879 1367 grege
896 1272 1024 1368 praeda
1039 1272 1151 1370 lupis.

282 1380 394 1469 Ecce,
409 1384 500 1481 quid
518 1384 588 1457 iste
606 1394 692 1457 tuus
709 1396 844 1483 proeter
860 1409 956 1459 nova
972 1387 1139 1461 carmina
1154 1397 1258 1462 vates

331 1497 480 1573 Donati
507 1500 682 1575 amatoris
699 1500 815 1575 millia
830 1502 949 1576 multa
963 1503 1079 1600 leges.

280 1612 369 1712 Ipse
387 1613 492 1688 Deus
508 1626 648 1701 vatum,
667 1615 767 1714 pallt
786 1617 1003 1714 spectabilis
1021 1619 1147 1705 aures,

329 1728 481 1804 Tractat
496 1731 673 1807 inauratae
691 1756 854 1807 consona
869 1732 933 1806 fila
949 1733 1053 1831 lyrae.

280 1842 354 1928 Qui
371 1845 489 1933 dabit,
506 1847 569 1922 ille
586 1847 653 1922 tibi
671 1871 806 1944 magno
823 1848 873 1921 sit
889 1849 1007 1946 major
1023 1845 1201 1921 Homero.

329 1959 453 2036 Crede
470 1962 581 2051 mihi3
610 1986 668 2037 res
686 1972 745 2036 est
761 1962 964 2059 ingeniosa,
982 1962 1084 2036 dare.

279 2074 316 2148 N
318 2100 362 2150 ec
379 2086 433 2163 tu,
452 2078 483 2150 si
501 2077 586 2176 quis
604 2078 674 2151 erit
689 2077 823 2175 capitis
840 2077 1013 2152 mercede
1031 2077 1232 2162 redemtus,

328 2190 504 2291 Despice,
522 2194 671 2292 gypsati
689 2193 830 2267 crimen
846 2194 956 2268 inane
974 2193 1095 2292 pedis.

277 2303 359 2379 Nec
377 2317 415 2380 te
431 2307 621 2407 decipiant
635 2319 780 2383 veteres
798 2309 1039 2407 quinquatria
1054 2330 1163 2382 cerae.
1264 2309 1312 2381 65

326 2419 431 2496 Tolle
447 2423 531 2496 tuos
548 2434 686 2510 tecum,
705 2446 849 2522 pauper
865 2434 1020 2509 amator,
1039 2446 1141 2497 avos.

1266 1736 1315 1805 60

276 2644 349 2686 ment.
367 2646 483 2697 sutumst,
499 2638 563 2704 quod
577 2640 640 2689 bons
654 2640 726 2689 vestis
739 2638 770 2688 sit
819 2648 870 2689 tum
879 2639 990 2705 pretium,
1001 2639 1084 2703 quanti
1094 2638 1192 2695 valeret,
1202 2636 1222 2686 si
1232 2636 1315 2686 sendi-

276 2710 362 2776 ptsellst
372 2711 496 2761 habenda:
514 2710 556 2761 sed
565 2712 650 2762 eodem
660 2712 769 2778 pertinet,
819 2720 858 2761 tos
867 2711 959 2762 luisset
992 2712 1082 2760 Busrs.

276 2800 324 2849 quo
333 2795 417 2834 cetero
434 2784 608 2836 similitudines.
625 2796 652 2836 ut
671 2787 702 2837 sit
717 2803 769 2838 sen-
851 2786 893 2835 6⁴¹.
911 2785 1030 2850 Gypsati]
1039 2784 1168 2834 venalium
1178 2784 1241 2833 enim
1251 2791 1316 2833 trans
1382 2804 1387 2818 ·

275 2874 329 2909 sus:
347 2858 417 2915 Quod
435 2858 480 2907 nisi
495 2868 560 2909 veste
580 2861 644 2909 bons
658 2860 771 2918 niurias
819 2874 883 2908 msre
903 2859 1054 2908 advectorum
1070 2857 1144 2924 pedes
1164 2867 1229 2907 creta
1248 2867 1315 2907 nota·

275 2931 346 2981 tineis
356 2940 380 2981 et
395 2932 475 2983 mottis
488 2932 636 2985 corrodetur:
657 2934 770 3000 quemad·

276 3006 373 3055 modum
388 3022 423 3056 ιι
439 3006 554 3071 rubigine,
572 3006 655 3060 domus
667 3007 715 3058 situ
729 3024 770 3074 pe-

276 3089 361 3141 reunt;
377 3079 484 3130 estenim
495 3080 771 3139 hicdsdsriinusuesse,

274 3152 377 3210 tmctsri,
387 3154 433 3202 dte.
450 3154 547 3203 Mtcrt.

308 3229 350 3276 64.
369 3227 419 3276 Nec
435 3230 491 3276 satis
512 3227 626 3293 effectu]
652 3228 705 3278 Hoc
723 3238 769 3287 est,

276 3301 346 3368 psnci
356 3300 429 3366 sliqui
440 3317 487 3350 non
494 3301 614 3350 sufficiunt
625 3301 710 3351 adhoc
721 3304 770 3352 edi·

276 3375 394 3431 ciendum,
410 3374 441 3424 de
463 3391 511 3441 quo
528 3375 598 3424 modo
617 3374 707 3425 dictum
723 3386 769 3427 est.

276 3459 360 3514 estque
375 3448 472 3512 genitivi
488 3464 556 3498 casus
571 3448 671 3515 effectam,
683 3451 723 3516 qui
740 3452 771 3501 sb

277 3521 388 3572 adverbio
398 3524 453 3569 sutis
462 3520 583 3587 dependit.
599 3538 646 3571 non
656 3524 771 3572 sccussti·

278 3612 331 3650 vus,
341 3603 368 3643 ut
377 3593 501 3644 somniavit
511 3593 632 3661 interpres.
659 3596 755 3646 Mtcst.

310 3669 351 3718 58·
372 3668 484 3715 Amoris
501 3669 576 3716 saillis
595 3670 667 3717 multo
688 3671 768 3736 legen]

277 3741 334 3791 Non
349 3740 417 3807 cepio
426 3757 522 3790 sensum
538 3742 621 3791 horum
638 3744 770 3793 verborum.

276 3833 331 3868 nsm
341 3815 426 3866 durum
441 3819 642 3874 animatam
657 3818 772 3866 subintel-

276 3891 358 3955 ligere,
367 3898 395 3939 ut
404 3890 496 3940 Murius
506 3890 571 3940 lacit.
588 3891 608 3940 si
620 3890 711 3948 liceret,
721 3892 770 3941 vel-

277 3966 324 4016 lem
334 3965 447 4029 reingere
455 3982 461 4011 :

308 4043 423 4090 Amatores
433 4040 507 4088 millis
517 4039 688 4105 multssersat.

278 4114 342 4173 Quid
352 4128 433 4178 queso
442 4113 487 4162 iste
494 4120 623 4161 mussites
631 4111 703 4161 donst
712 4127 771 4178 prss·

277 4186 441 4237 tcrcsrminsl
457 4184 499 4236 sed
510 4184 568 4251 quid
578 4183 684 4234 indetibi
694 4184 771 4235 lucrii

277 4263 401 4310 Amatores
427 4276 475 4310 non
494 4259 572 4308 lersnt
596 4257 708 4316 csrmins,
729 4259 771 4310 sod

277 4335 352 4383 mults
361 4333 437 4383 millis
447 4349 604 4384 nummorum.
622 4332 712 4382 Bonis.

310 4408 352 4456 63.
387 4408 475 4470 Capitis
499 4408 619 4472 meda]
656 4407 772 4473 Intelligit

278 4496 380 4537 arrum,
386 4480 428 4545 qui
437 4481 486 4531 suis
496 4482 597 4533 nummis
606 4498 631 4532 so
641 4482 667 4531 in
677 4482 771 4532 liberte·

279 4562 328 4604 tem
339 4552 473 4612 vindicent,
483 4563 508 4604 et
523 4555 625 4606 Domitm
635 4555 704 4606 soluit
719 4565 771 4607 tsn-

818 2934 930 2984 bsntseu
941 2948 1023 2998 gypso.
1055 2931 1206 2982 Plinius.
1225 2933 1262 2989 17,
1275 2933 1315 2982 18.

819 3007 899 3056 Tibul.
916 3007 952 3056 111.
973 3006 1012 3056 El.
1032 3007 1057 3056 ³.
1087 3005 1201 3056 Juvenal.
1222 3006 1274 3055 Sat.
1295 3005 1314 3053 1.

820 3081 955 3129 Βιιιειικ.

852 3154 894 3203 65.
914 3153 999 3203 Veteris
1008 3155 1156 3218 quinquatria
1168 3153 1247 3217 cerm]
1277 3152 1316 3201 Its

820 3226 916 3292 quidem
933 3226 958 3275 in
972 3226 1080 3276 omnibus
1093 3227 1242 3284 editionibus,
1261 3242 1314 3292 qus

818 3309 910 3366 munt,
937 3299 1034 3365 legitur:
1062 3314 1090 3348 sc
1115 3316 1198 3349 sensus
1218 3299 1315 3365 quidem

818 3374 904 3441 plenus
914 3383 960 3423 est.
993 3373 1046 3422 Nec
1056 3382 1089 3429 te,
1096 3373 1183 3439 inquit,
1192 3373 1315 3439 decipiant

819 3448 919 3506 nobiles,
940 3446 981 3513 qui
998 3456 1089 3497 veteres
1109 3462 1184 3505 ceras,
1203 3448 1247 3498 hoc
1266 3456 1313 3505 est,

820 3520 1067 3589 msjorumimsgines
1085 3531 1203 3571 ostentant
1222 3531 1247 3571 ct
1262 3522 1316 3587 jsc·

819 3606 879 3656 tant,
890 3597 936 3646 dcc.
968 3595 997 3644 Id
1008 3594 1072 3645 enim
1081 3595 1126 3645 hoc
1137 3595 1189 3644 loco
1196 3596 1257 3644 Cera
1268 3597 1315 3661 sig·

819 3670 924 3720 uideant.
962 3669 1075 3719 Ceterum
1101 3684 1148 3733 quo
1168 3679 1247 3732 pacto,
1274 3678 1316 3717 sut

820 3745 882 3794 unde
892 3745 990 3793 verbum
997 3741 1206 3805 Quinquatruum
1217 3742 1316 3807 irrepse-

820 3819 859 3874 rit,
871 3826 913 3868 sut
924 3816 982 3882 quid
996 3816 1060 3865 idem
1070 3814 1115 3863 hoc
1129 3814 1181 3864 loco
1190 3814 1316 3880 significet,

820 3893 920 3957 quaestio
930 3900 974 3939 est.
1006 3891 1071 3939 Nsm
1081 3889 1140 3937 elias
1152 3890 1316 3952 Quinquatria,

820 3966 881 4015 fests
898 3965 1013 4014 utinm
1029 3964 1148 4020 dicuntur,
1167 3978 1221 4027 qus
1236 3979 1316 4015 mense

820 4035 1315 4104 Martioperquinquediescelebrabsntur.

820 4113 858 4161 Ac
868 4120 923 4161 sunt
932 4109 974 4175 qui
984 4118 1075 4177 putent,
1082 4109 1261 4161 ostentationem
1271 4112 1316 4161 sli-

821 4200 902 4251 qnsm,
913 4192 954 4232 sut
963 4199 1073 4250 pompsm
1088 4182 1224 4247 imaginum,
1235 4185 1260 4233 in
1270 4185 1314 4236 ltoc

820 4260 880 4308 sesto
893 4254 944 4305 fieri
954 4255 1047 4305 soiitsm
1062 4253 1144 4304 luisse:
1161 4265 1186 4306 ct
1203 4256 1257 4306 idco
1272 4275 1315 4325 per

820 4329 974 4396 Metslepsitt,
991 4330 1045 4379 sesti
1065 4345 1158 4387 nomen,
1175 4347 1219 4396 pro
1237 4334 1314 4392 rebus,

821 4422 875 4473 qus
890 4404 916 4453 iu
938 4401 990 4468 ipso
1009 4403 1195 4462 celebrabantur,
1212 4407 1312 4472 potitum

821 4495 881 4530 esse.
922 4476 970 4525 Sed
989 4475 1041 4526 hac
1064 4477 1202 4528 auctoritate
1222 4492 1313 4531 carent.

821 4552 920 4614 Quodsi
932 4550 989 4600 milti
1000 4550 1104 4603 divinsre
1114 4552 1192 4614 liceat,
1203 4554 1315 4622 legerimz
