3600 5925
454 669 520 732 312
749 667 788 730 P.
811 664 973 731 orlon
997 661 1208 730 NASONIS

458 840 660 915 Fallimur?
687 863 735 914 an
750 863 858 913 verso
875 847 1080 912 sonuenmt
1095 838 1248 912 cardine
1265 838 1417 936 postest

508 956 715 1054 Raucaque
732 978 926 1029 concussae
944 956 1052 1050 signa
1066 955 1205 1029 dedere
1222 953 1346 1029 fores?
1444 958 1496 1027 50

458 1070 657 1147 Fallimur:
685 1071 847 1170 impulsa
863 1080 923 1144 est
939 1071 1106 1145 animoso
1119 1073 1237 1169 janua
1251 1081 1376 1145 vento.

508 1185 583 1262 Hei
599 1188 702 1275 mihi,
721 1211 837 1286 quam
853 1187 965 1283 louge
981 1208 1089 1285 spem
1105 1186 1191 1260 tulit
1207 1210 1299 1259 aura
1314 1185 1456 1259 meam!

460 1302 501 1375 Si
518 1304 609 1378 satis
627 1329 668 1377 es
686 1314 815 1403 raptae,
836 1303 970 1390 Borea,
989 1326 1130 1378 memor
1148 1303 1345 1401 Orithyiae,

508 1418 596 1493 Huc
613 1421 715 1508 edes,
734 1429 774 1493 et
790 1419 922 1521 surdas
939 1419 1091 1492 flamine
1107 1419 1225 1493 tunde
1241 1417 1351 1491 fores,

460 1533 566 1608 Urbe
581 1536 696 1608 silent
710 1537 813 1609 tota:
840 1534 1035 1630 vitreoque
1050 1533 1241 1608 madentia
1257 1557 1338 1607 rore
1447 1534 1496 1604 55

508 1650 696 1751 Tempora
709 1651 830 1725 noctis
846 1662 954 1725 eunt:
982 1662 1119 1725 excute
1136 1662 1245 1749 poste
1261 1672 1395 1725 seram.

458 1767 538 1840 Aut
553 1791 624 1864 ego
637 1767 907 1866 jamferroque
924 1767 1077 1865 ignique
1095 1768 1257 1866 paratior
1273 1767 1367 1865 ipse,

509 1884 632 1969 Quem
649 1883 731 1960 face
747 1885 927 1971 sustineo,
945 1895 1048 1959 tecta
1063 1885 1227 1983 superba
1241 1894 1381 1982 petam.

460 1998 608 2087 Nox,et
616 2000 745 2088 Amor,
751 2000 966 2097 vinumque,
978 2000 1070 2073 nihil
1077 1999 1306 2073 moderabile
1316 1998 1493 2073 suadent:

509 2116 582 2189 Illa
597 2117 739 2214 pudore
755 2125 887 2191 vacat:
918 2115 1028 2191 Liber
1046 2115 1237 2214 Amorque
1253 2128 1370 2191 metu.
1445 2118 1495 2188 60

460 2230 599 2306 Omnia
614 2233 824 2307 consumsi:
853 2257 923 2307 nec
939 2244 979 2307 te
996 2235 1217 2331 precibusve
1234 2233 1391 2306 minisve

508 2345 710 2434 MovimuS,
728 2348 753 2420 ὁ
769 2346 910 2422 foribus
927 2349 1072 2423 surdior
1088 2350 1169 2449 ipse
1185 2349 1272 2422 tuis.

459 2461 497 2535 N
498 2487 548 2537 on
563 2473 602 2537 te
619 2462 789 2536 formosae
806 2464 935 2537 decuit
951 2489 1097 2540 servare
1114 2465 1249 2563 puellae

510 2576 676 2653 Limina:
704 2579 864 2652 sollicito
880 2603 1029 2655 carcere
1046 2581 1182 2678 dignus
1199 2604 1295 2655 eras.

458 2693 622 2792 Jamque
639 2694 835 2793 pminosos
852 2695 1005 2769 molitur
1022 2694 1171 2771 Lucifer
1186 2720 1295 2783 axes;
1449 2699 1498 2769 65

510 2811 633 2910 Inque
650 2835 759 2885 suum
775 2811 931 2886 miseros
949 2813 1092 2887 excitat
1108 2813 1186 2887 ales
1203 2836 1311 2911 opus.

490 3008 533 3055 51.
549 3008 674 3071 Aroma]
698 3008 797 3057 Aduerso
814 3007 952 3074 Neapolita·
1067 3009 1142 3065 Qun
1150 3009 1208 3076 face
1218 3008 1498 3070 unineonsctanoperbo

458 3095 513 3128 nus.
530 3081 594 3146 quod
605 3088 662 3147 apte
676 3081 773 3146 quidem
789 3082 902 3149 explicari
911 3099 953 3148 po·
1094 3094 1180 3146 pem.

458 3160 514 3210 test,
526 3162 552 3202 et
566 3154 622 3203 olim
640 3153 822 3205 etiamlleinsio
836 3156 954 3224 placuisse
1002 3155 1055 3206 Hoc
1071 3172 1159 3216 sensu3
1176 3157 1282 3223 egojam
1298 3153 1499 3219 instructiorspo-

458 3243 488 3276 ex
500 3227 625 3294 adscriptis
641 3244 688 3278 orer
706 3229 760 3279 libri
780 3230 831 3296 ejus
847 3230 909 3280 notis
919 3230 954 3279 ri-
1002 3226 1409 3297 ratienimpropriemilitersrmti.
1425 3227 1498 3277 utad

458 3299 512 3350 deo.
527 3302 570 3352 sed
586 3302 657 3368 longa
670 3302 802 3367 elegantius
817 3311 854 3353 est
863 3305 892 3354 nl
903 3307 954 3354 ani·
1003 3302 1100 3351 Petron.
1114 3318 1168 3369 cap.
1178 3319 1248 3352 cxxx.
1258 3299 1368 3363 vidimus)
1377 3300 1424 3348 ista
1433 3300 1499 3358 iace,

458 3392 523 3424 noso.
544 3384 653 3425 streete
672 3392 688 3425 a
706 3376 785 3426 Mario
800 3377 954 3443 explicatum,
1003 3393 1074 3441 quam
1083 3378 1194 3434 sustineo,
1203 3387 1284 3444 petam
1293 3386 1365 3426 tecta.
1397 3375 1422 3424 Si
1433 3394 1502 3440 quen

458 3448 810 3514 quiaventicnr'mocantur.
843 3452 933 3501 Buris.
1003 3450 1150 3501 retinendum
1170 3461 1215 3507 cst,
1231 3450 1334 3515 legerem
1354 3466 1409 3499 cum
1425 3451 1500 3500 Pran-

490 3526 531 3574 5³.
556 3524 637 3588 Rapta
659 3525 792 3589 omnnia]
818 3525 881 3577 vide
900 3544 954 3594 que
1003 3523 1052 3574 cio:

459 3597 539 3646 notavi
557 3596 583 3647 in
600 3597 801 3648 obseruationibus
820 3599 864 3648 sub
883 3599 955 3651 finem
1034 3598 1502 3664 -lgniquepmtlorillo,vel,ipre,

457 3671 501 3721 lib.
511 3671 545 3721 ri.
555 3673 656 3722 Metam.
688 3672 759 3722 Cror.
1037 3671 1283 3736 Qumsocmtiueo.
1439 3729 1449 3748 ι

491 3748 532 3795 58.
549 3747 684 3814 Qrmnfacc
691 3745 808 3809 sustineo-1
827 3747 899 3802 Quen
907 3749 955 3799 Pu·
1004 3747 1039 3796 Ut
1045 3746 1123 3812 iguem
1133 3762 1148 3795 a
1158 3747 1210 3797 iace
1220 3748 1427 3814 distinguatgerit
1436 3749 1501 3796 enim

458 3834 557 3874 teaueus
565 3831 591 3871 et
599 3820 953 3873 Amndelienuscumeditioni·
1003 3819 1402 3886 igueminlacemtaliiinluccmr.
1412 3824 1505 3872 Βυιι.

458 3901 504 3948 bus
513 3896 639 3946 nonnullis.
653 3895 735 3960 ignem
743 3894 902 3961 subintellige,
912 3913 954 3962 pro
1035 3897 1076 3945 ⁵9.
1093 3894 1153 3953 Nor,
1164 3907 1186 3945 et
1206 3898 1285 3954 Amor,
1300 3896 1443 3960 manuque]
1462 3896 1507 3945 Ita

456 3974 561 4036 paratior
575 3971 657 4036 primae
667 3969 782 4018 editiones
792 3977 818 4018 et
827 3969 954 4019 scriveria·
1003 3969 1085 4019 livius
1094 3970 1136 4020 uu.
1147 3972 1261 4021 minu,
1272 3972 1303 4021 de
1311 3971 1385 4019 initiis
1392 3970 1507 4035 turpibus

458 4063 512 4103 nus,
532 4046 653 4107 mentior.
684 4043 748 4092 Mihi
767 4042 886 4094 distichon
910 4044 954 4093 hoc
1004 4043 1107 4093 Bacchi:
1126 4044 1509 4101 Qumrrmmaenm,er

457 4127 647 4184 mspectumest.
672 4117 804 4167 nunnus.
837 4117 954 4166 Nontam
1002 4116 1334 4183 mirnfminnmmaetatir
1350 4125 1433 4164 unere
1448 4135 1509 4166 aa·

457 4192 529 4241 facile
540 4190 652 4240 &muare
662 4190 747 4248 audeo,
758 4190 901 4255 quicumque
911 4206 952 4240 ne-
995 4193 1213 4258 jmouamm
1221 4208 1283 4239 omae
1292 4191 1387 4252 pudcds
1397 4192 1509 4240 attia:-

458 4264 549 4328 gotium
559 4262 775 4316 nominemus
791 4264 954 4314 sedetve&-
1002 4266 1080 4314 iurent.
1112 4267 1165 4315 Ter.
1180 4265 1265 4329 Hecyr.
1280 4264 1298 4313 i.
1317 4263 1345 4311 ii.
1362 4264 1404 4312 61.
1440 4264 1512 4314 Per.

459 4334 749 4402 gliscodicumlegerem:
1002 4339 1511 4397 mannonumrminumodolesecutis.

492 4406 541 4456 Aut
550 4410 649 4469 egojan
656 4410 768 4474 serraque
777 4414 869 4474 ignique
884 4428 953 4474 parc·
1003 4411 1053 4462 vid.
1063 4413 1103 4464 hie
1112 4413 1225 4465 Manum.
1244 4457 1247 4462 a

555 4480 663 4533 θίθήὺῐό
752 4528 756 4534 ,
1035 4488 1076 4536 66.
1095 4488 1170 4550 Alea]
1187 4486 1279 4538 Gallus
1311 4486 1382 4538 Cror.
