3600 5925
481 747 547 816 274
771 746 811 810 P.
834 741 995 814 OVIDII
1019 738 1230 806 NASONIS

485 919 610 996 Testis
627 928 667 994 et
682 918 851 1003 Actoeon,
870 914 1059 1013 quondam
1076 913 1156 989 sera
1170 914 1336 989 creditus
1351 914 1435 1002 illis,

536 1034 626 1132 Ipse
641 1033 747 1107 dedit
760 1032 836 1107 leto
854 1054 941 1104 cum
959 1029 1097 1128 quibus
1115 1039 1202 1104 ante
1219 1028 1330 1108 feras.
1449 1034 1521 1103 104

486 1148 658 1248 Quaeque
674 1149 838 1247 superba
853 1170 1003 1246 parens,
1021 1170 1114 1220 saxo
1130 1169 1199 1244 per
1215 1170 1351 1246 corpus
1369 1147 1512 1231 oborto,

535 1264 573 1337 N
575 1290 648 1340 unc
665 1288 815 1384 quoque
833 1261 1044 1360 Mygdonii
1062 1259 1197 1338 flebilis
1214 1271 1340 1336 exstat
1356 1261 1483 1335 humo.

487 1380 561 1456 Hei
577 1382 681 1467 mihi,
701 1377 896 1478 Cydippe!
924 1377 1038 1456 timeo
1055 1377 1124 1450 tibi
1140 1376 1265 1456 dicere
1282 1400 1432 1465 verum;

536 1495 597 1570 Ne
613 1496 740 1571 videar
756 1496 892 1570 causst
910 1492 1004 1568 falsa
1020 1517 1172 1568 monere
1189 1495 1296 1568 med:

487 1611 700 1688 Dicendum
716 1622 841 1686 tamen
859 1621 939 1685 est:
968 1612 1039 1684 hoc
1057 1620 1127 1698 est,
1146 1609 1253 1707 (mihi
1273 1608 1402 1704 crede)
1420 1607 1522 1707 quod

538 1726 628 1825 Ipso
645 1726 811 1802 nubendi
828 1736 998 1823 tempore
1015 1748 1117 1823 saepe
1130 1726 1248 1826 jaces.
1339 1825 1342 1826 f
1406 1725 1523 1820 [aegra

488 1841 662 1918 Consulit
678 1842 762 1940 ipsa
777 1841 867 1931 tibi;
896 1863 970 1914 neu
987 1840 1039 1918 sis
1057 1841 1206 1944 perjura
1221 1839 1385 1915 laborat:
1452 1843 1518 1938 111

537 1956 588 2031 Et
604 1959 745 2032 salvam
762 1958 865 2032 salva
880 1967 918 2032 te
936 1957 1040 2057 cupit
1056 1980 1140 2031 esse
1157 1955 1243 2030 fide.

487 2072 583 2146 lude
599 2072 654 2160 fit,
672 2084 726 2161 ut,
746 2073 893 2171 quoties
911 2073 1073 2148 existere
1092 2072 1236 2172 perfide
1250 2082 1386 2159 tentas,

537 2187 744 2262 Peccatum
761 2188 873 2265 toties
889 2187 1053 2286 corrigat
1068 2188 1133 2263 illa
1148 2199 1267 2264 tuum.

486 2301 606 2377 Parce
624 2326 772 2378 movere
789 2302 887 2377 feros
905 2302 1081 2378 enimosae
1099 2301 1262 2401 Virginis
1280 2327 1410 2391 ercus3
1452 2305 1522 2374 115

536 2415 644 2491 Mitis
661 2418 783 2498 adhuc
801 2417 946 2504 fieri,'si
963 2419 1118 2517 patiere,
1137 2429 1273 2517 potest.

485 2530 619 2619 Parce,
638 2557 781 2633 precor,
797 2543 946 2612 teneros
963 2557 1200 2632 corrumpere
1216 2534 1382 2609 febribus
1400 2543 1519 2622 artus3

537 2646 714 2723 Servetur
730 2648 843 2724 facies
860 2649 934 2724 ista
950 2649 1106 2726 fruenda
1121 2649 1225 2723 mihi.

487 2762 689 2839 Serventur
705 2767 830 2840 vultus
848 2767 895 2840 ad
913 2777 1041 2843 nostra
1058 2766 1230 2844 incendia
1245 2766 1346 2839 nati:

536 2878 687 2979 Quique
704 2883 835 2960 subest
851 2883 958 2958 niveo
976 2883 1084 2956 loetus
1101 2883 1140 2956 in
1157 2906 1221 2956 ore
1238 2882 1361 2954 rubor.
1452 2883 1522 2952 120

486 2992 671 3072 Hostibus
688 3023 709 3072 e
727 3000 758 3073 si
777 3001 875 3099 quis,
894 3025 942 3075 ne
958 3001 1027 3074 fias
1044 3010 1182 3087 nostra,
1201 3005 1404 3098 repugnat3

538 3111 602 3185 Sic
620 3112 681 3201 sit,
700 3126 754 3201 ut,
774 3116 936 3191 invatidd
953 3127 1003 3202 te,
1024 3115 1119 3189 solet
1135 3137 1219 3189 esse
1235 3112 1339 3186 mihi.

486 3224 678 3325 Torqueor
695 3254 743 3303 ex
761 3254 882 3329 aequo,
902 3231 960 3305 vel
977 3241 1016 3304 te
1033 3230 1209 3315 nubente,
1226 3227 1286 3301 vel
1302 3227 1421 3323 aegrd:

537 3339 673 3417 Dicere
690 3369 759 3419 nec
777 3369 944 3443 possum,
963 3344 1054 3443 quid
1072 3345 1195 3416 minus
1211 3344 1293 3443 ipse
1309 3341 1433 3415 velim.

485 3604 539 3669 quis
546 3607 680 3672 exemplum
690 3606 739 3672 apri
749 3607 874 3672 Calydonii
885 3607 980 3673 reliquis
1029 3623 1080 3656 rere
1096 3604 1208 3654 funestari
1220 3605 1339 3662 vuluinet,
1350 3602 1466 3669 Melagri
1482 3604 1524 3653 de-

485 3678 577 3728 duobus
586 3678 617 3728 de
627 3678 739 3729 Actaeone
754 3689 779 3729 et
792 3681 870 3730 Niobe
880 3681 979 3730 addide-
1029 3696 1093 3730 nrum
1103 3687 1128 3729 et
1138 3694 1241 3727 sororum
1251 3677 1303 3743 ejus
1318 3676 1396 3744 poenis
1405 3676 1524 3727 ntitnda.

485 3762 530 3802 rut.
546 3769 576 3802 ex
586 3753 718 3802 eoScholio
726 3751 843 3804 distichon
853 3764 935 3820 postea
943 3765 979 3804 est
1029 3754 1140 3803 Lusus».

486 3828 979 3885 conflatumbrrbarumraneetiusulsum.
1064 3830 1119 3880 106.
1136 3827 1240 3890 Abrae]
1268 3827 1346 3883 Oxou.
1373 3825 1526 3877 buriensis

485 3901 576 3951 Herus.
608 3902 723 3960 Quamvis
740 3903 830 3952 varim
849 3903 913 3953 circa
931 3905 979 3952 lec-
1029 3912 1054 3953 et
1069 3904 1187 3969 Excerptc
1201 3902 1390 3958 Damastor.
1407 3901 1525 3967 quodve·

486 3975 573 4025 tionem
584 3977 655 4042 hujus
664 3976 759 4026 distichi
769 3977 862 4027 codices
875 3977 979 4035 videam,
1030 3993 1082 4027 rum
1097 3984 1169 4044 putu:
1186 3991 1241 4026 nem
1256 3974 1387 4027 Pineum
1397 3974 1441 4024 lib.
1449 3974 1469 4023 i.
1480 3974 1525 4026 At-

487 4067 534 4100 non
543 4050 597 4102 ideo
605 4051 682 4101 miuus
689 4052 847 4119 optimumhic
859 4052 979 4118 vulgatum
1028 4050 1070 4100 tic.
1083 4065 1138 4116 cup.
1148 4050 1190 4098 21.
1207 4047 1273 4105 dicit,
1287 4061 1389 4098 mmor
1404 4048 1430 4097 in
1445 4058 1526 4099 monte

486 4123 598 4173 habeam·
631 4125 707 4174 Locus
718 4124 789 4181 enim,
798 4124 875 4190 qualis
891 4124 979 4174 circum
1028 4124 1110 4190 Sipylo
1117 4122 1256 4190 prominere,
1266 4120 1330 4186 quod
1340 4122 1422 4187 procul
1430 4121 1525 4172 intuen-

486 4196 566 4256 tcrtur,
581 4198 674 4264 egregie
691 4198 747 4248 tecit
763 4197 794 4246 ed
810 4197 979 4248 ostendendam
1030 4197 1093 4247 tibus
1102 4197 1192 4263 prebet
1200 4195 1302 4263 speciem
1319 4194 1422 4244 mulieris
1437 4195 1525 4260 lugen-

486 4271 548 4321 laesae
556 4272 642 4322 Diene
650 4272 979 4338 violentiam,quae,noncon·
1029 4271 1067 4321 tis.
1099 4272 1190 4320 Eunu.

486 4344 980 4411 tentaimmisscinegrnanlydonisrpro
1064 4344 1117 4393 110.
1134 4343 1194 4408 Saepe
1204 4343 1292 4408 jacen]
1310 4342 1417 4400 Mallem,
1433 4361 1524 4408 nempe,

486 4418 621 4476 seussimo,
629 4418 901 4485 ipsamquoqucdcrnnm
909 4418 979 4467 OEnei
1028 4434 1077 4484 qua
1087 4419 1172 4468 vocula
1182 4419 1270 4469 Noster
1280 4416 1420 4471 delectatur.
1454 4418 1526 4467 Bur-

487 4487 565 4538 furiuli
574 4490 621 4540 iste
631 4508 659 4541 ec
671 4502 796 4557 superante
811 4492 897 4541 bellue
911 4491 978 4555 rvi·
1029 4509 1141 4545 uiuunt.

486 4562 544 4612 tiam
555 4574 635 4613 metris
644 4564 669 4614 in
683 4565 757 4615 filium
774 4566 919 4614 immanitate
935 4564 978 4613 mi-
