3600 5925
551 665 764 733 suorum
787 666 878 732 mu.
903 665 973 732 111.
995 670 1027 732 r.
1258 670 1322 748 sar

286 838 338 914 At
354 864 440 939 quoe
458 863 532 913 uon
550 841 665 913 tacitis
683 839 836 914 formavi
849 840 991 936 gaudia.
1002 841 1146 916 mente!

336 953 440 1039 Quos
457 978 528 1051 ego
545 978 621 1028 non
636 955 729 1028 finxi
746 956 990 1054 disposuique
1008 957 1158 1034 modos!

287 1068 322 1143 N
325 1082 427 1145 ostra
443 1082 567 1145 tamen
580 1074 745 1169 jacuere,
764 1073 864 1147 velut
882 1085 1118 1171 praemortua,
1137 1073 1306 1150 membra

334 1184 519 1284 Turpiter,
535 1187 710 1261 hesterni
728 1187 959 1284 languidiora
977 1189 1072 1275 rosh,
1272 1192 1320 1261 66

285 1298 380 1384 Quoe
398 1325 496 1376 nunc
514 1325 603 1376 ecce
620 1302 742 1399 rigent
758 1303 1032 1402 intempestiva,
1051 1304 1267 1401 valentque:

335 1414 372 1488 N
375 1439 447 1489 unc
465 1440 560 1515 opus
577 1428 788 1516 exposcunt
804 1418 1050 1517 militiamque
1067 1443 1185 1493 suam.

285 1528 385 1614 Quin
402 1530 485 1605 istic
504 1532 725 1630 pudibunda
732 1535 850 1631 jaces,
869 1558 956 1632 pars
974 1535 1139 1632 pessima
1155 1534 1291 1622 nostri;

335 1645 399 1719 Sic
416 1671 500 1724 sum
517 1647 692 1745 pollicitis
709 1658 843 1748 captus
860 1660 899 1723 et
915 1658 1002 1723 ante
1019 1649 1106 1723 tuis.
1271 1654 1320 1720 70

283 1759 341 1834 Tu
358 1762 547 1843 dominam
564 1761 676 1844 fallis:
705 1789 773 1863 per
788 1776 826 1842 te
843 1766 1050 1864 deprensus
1067 1766 1217 1839 inermis

332 1875 468 1952 Tristia
485 1903 572 1952 cum
590 1903 724 1977 magno
741 1881 878 1954 damna
894 1881 1037 1979 pudore
1053 1879 1134 1974 tuli.

284 1989 392 2065 Hanc
410 1993 523 2069 etiam
538 2018 611 2068 nou
630 2007 688 2069 est
705 2018 790 2068 mea
806 1995 1010 2092 dedignata
1026 1994 1152 2093 puella

333 2105 498 2183 Molliter
515 2110 664 2182 admoti
681 2110 879 2184 sollicitare
896 2133 1022 2184 manu.

283 2220 359 2296 Sed
376 2234 577 2322 postquam
595 2225 714 2298 nullas
731 2249 956 2323 consurgere
974 2250 1085 2324 posse
1103 2249 1170 2325 per
1187 2237 1299 2311 artes,

332 2336 670 2437 Immemoremque
688 2340 745 2413 sui
764 2340 1008 2439 procubuisse
1025 2340 1143 2428 videt;
1270 2344 1317 2412 76

282 2451 382 2537 Quid
399 2478 459 2529 me
477 2455 587 2543 ludis,
606 2456 679 2529 ait?
706 2459 790 2554 quis
808 2469 858 2544 te,
877 2457 1094 2544 malesane,
1109 2456 1268 2554 jubebat

331 2568 493 2644 Invitum
511 2583 637 2645 nostro
656 2597 794 2670 ponere
811 2574 980 2646 membra
996 2573 1102 2646 torol

281 2681 359 2757 Aut
375 2694 412 2757 te
429 2670 595 2783 traJectis
613 2685 718 2759 AEaea
733 2688 899 2761 venefica
915 2687 1009 2762 lauis

333 2799 516 2875 Devovet:
545 2813 610 2876 aut
627 2802 699 2876 alio
716 2803 837 2876 lassus
854 2826 979 2904 amore
997 2801 1111 2875 venis.
1179 2869 1181 2878 ,

282 2913 364 2988 Nec
382 2938 505 2991 mora:
533 2915 827 2993 desiluit‘tunicri
844 2917 966 2997 velata
982 2915 1164 2991 recinctri:

331 3029 382 3103 Et
397 3032 523 3106 decuit
540 3033 659 3106 nudos
677 3033 903 3131 proripuisse
921 3033 1049 3131 pedes.
1124 3062 1127 3071 ⁴

1270 2807 1318 2874 80

279 3287 318 3337 De
327 3288 439 3354 lhsmyri
454 3290 557 3340 ahlusis
572 3299 665 3341 rosceto
677 3307 706 3340 ex
717 3291 772 3357 My·

279 3361 379 3425 thologis
395 3363 552 3413 uotslabulu.
584 3363 715 3413 videantur
730 3364 774 3413 Ze·

280 3434 372 3491 nobius,
382 3433 560 3501 etApostolius,
570 3435 772 3504 inoripuprcpul-

278 3526 356 3558 νεται.
389 3510 460 3559 llunc
477 3509 648 3560 Philammouis
664 3519 689 3559 et
702 3510 773 3575 Argi·

278 3598 335 3647 opes
345 3583 419 3633 lilium
429 3584 585 3650 Apollodorus
591 3585 616 3634 in
624 3585 774 3635 Bibliotheca

279 3657 344 3713 lucit,
359 3657 400 3722 qui
415 3673 493 3708 umore
511 3658 641 3725 Hyacinthi
658 3658 773 3722 flagravit,

278 3744 307 3778 sc
318 3730 406 3794 primus
415 3728 514 3781 Veneris
523 3732 635 3782 mucules
650 3730 681 3783 sit
690 3729 772 3780 iuven·

278 3813 321 3853 tor.
353 3803 393 3853 De
406 3814 473 3870 patre
490 3821 545 3859 cum
555 3804 698 3871 Apollodoro
713 3820 770 3853 oon·

277 3877 530 3931 mutiuntScholirstes
537 3879 634 3928 Homeri
641 3887 666 3928 et
677 3877 772 3929 Pharo-

278 3951 343 4001 rinus
351 3952 377 4000 in
386 3952 482 4003 Issico.
513 3952 560 4001 Sed
571 3951 636 4017 apud
646 3960 771 4017 utrumque

278 4025 339 4077 mule
346 4025 456 4075 scribitur
466 4043 472 4074 ι
487 4023 565 4083 Οὗτος
572 4021 771 4090 παῖςῆνθιλάμ-

276 4117 357 4163 puros
376 4101 418 4150 sal
433 4099 532 4166 'Apolou
548 4102 594 4161 τῆς
609 4098 713 4164 νύμφης.
728 4115 771 4164 ΡΝ

277 4171 420 4237 'Apprime
453 4173 541 4221 Herus.

309 4245 350 4293 66.
366 4246 481 4296 Hesterrsd
488 4246 769 4313 languidorurord.]Ele·

277 4326 360 4384 gunter
375 4319 488 4370 hesterna
506 4337 562 4373 rose
582 4330 701 4387 comperet
718 4322 768 4375 leu-

277 4391 661 4457 guidasusmembruetmortus:
674 4396 709 4443 itu
716 4393 768 4459 ipps·

277 4466 360 4525 θαγεῖς
377 4465 508 4532 στεφάνους
523 4467 582 4518 dixit
593 4468 668 4521 Potes
684 4468 709 4519 iu
719 4468 769 4527 An·

823 3291 882 3343 thol.
894 3292 936 3353 lib.
946 3290 982 3342 iii.
993 3304 1046 3354 cap.
1057 3288 1101 3339 sii.
1112 3304 1169 3353 pag.
1177 3289 1233 3339 340.
1243 3296 1268 3336 et
1275 3288 1317 3338 Ci-

822 3381 931 3414 catonem
947 3380 989 3430 pro
999 3362 1080 3412 Gallio
1089 3378 1181 3410 caonas
1192 3364 1317 3427 languido

823 3439 857 3486 lus
876 3436 972 3493 dixisse,
992 3451 1052 3502 quas
1068 3435 1210 3484 Plutarchus
1229 3436 1318 3493 ἐύλονς

823 3511 924 3567 vocavit,
933 3510 1067 3561 observarit
1075 3509 1164 3558 Victor.
1197 3509 1285 3557 Boni.

855 3587 895 3636 79.
915 3584 1005 3647 lanis]
1023 3583 1094 3641 Quod
1105 3592 1185 3632 autem
1200 3581 1225 3630 in
1235 3581 1315 3647 hujus

822 3659 885 3708 modi
904 3658 1010 3724 Cocytiis
1025 3656 1098 3706 sacris
1115 3656 1170 3704 lans
1187 3664 1316 3712 uterentur,

821 3732 925 3785 ostendit
936 3742 961 3783 et
970 3730 1107 3780 Theocritus
1122 3729 1147 3777 in
1158 3728 1315 3785 Pharmaceu-

822 3806 868 3857 tria
883 3806 926 3855 illo
937 3806 1087 3855 hexametro:
1105 3802 1201 3866 Στέψον
1216 3803 1263 3852 cdv
1279 3820 1317 3853 er·

820 3878 1019 3945 λέβανφοινιεέῳ
1030 3877 1082 3937 οἰὸς
1090 3876 1171 3941 ἀώτῳ.
1203 3877 1315 3927 Murrus.

820 3954 854 4003 'lh
865 3955 925 4002 lasis
935 3968 981 4001 uon
997 3968 1048 4002 esse
1063 3951 1211 4007 mutandum,
1220 3960 1246 4000 et
1261 3952 1315 4016 capi

820 4025 906 4075 debere
915 4024 946 4075 de
957 4024 1031 4075 laneis
1039 4024 1188 4089 imaginibus,
1198 4039 1259 4089 quas
1268 4040 1314 4074 acu

818 4099 984 4151 mussuebsut
993 4114 1064 4162 sago,
1074 4114 1145 4162 supra
1154 4097 1257 4147 disisam
1268 4098 1314 4149 hac

819 4174 871 4239 ipss
891 4172 976 4237 Elegia
994 4172 1026 4221 sd
1047 4188 1108 4221 vers.
1129 4174 1169 4220 29.
1201 4172 1315 4223 Furnos

819 4257 906 4303 tamen,
927 4248 1027 4309 trajectis
1045 4247 1126 4293 tamnu
1144 4245 1313 4308 reponendum.

819 4329 845 4371 ut
864 4319 895 4369 ds
914 4318 1009 4368 laminis
1028 4318 1137 4367 litteratis
1155 4334 1198 4366 seu
1219 4318 1313 4369 ubertis

818 4393 936 4460 plumbeis
942 4392 1095 4458 intelligatur,
1101 4391 1131 4441 de
1138 4391 1224 4457 quibus
1234 4393 1313 4461 paullo

819 4480 873 4519 ante
883 4469 1018 4533 agebamus.
1050 4467 1140 4523 Huss.
1242 4463 1245 4469 ’

849 4550 920 4600 Ee'd
