3600 5925
560 771 817 839 HEROIDES.
842 773 911 838 ΕΡ.
937 775 1025 840 XX.
1232 777 1314 840 -273

280 946 378 1022 Ante
396 959 481 1021 tuos
498 947 651 1021 flentem
667 947 780 1020 licent
795 948 999 1020 consistere
1016 947 1160 1021 vultus:
1264 954 1312 1022 75

330 1064 381 1138 Et
396 1064 508 1138 liceat
523 1063 685 1137 lacrimis
703 1062 840 1136 addere
856 1062 971 1136 verba
987 1063 1076 1136 suis.

267 1179 411 1277 =thue
429 1180 550 1254 solent
566 1179 706 1266 famuli,
725 1203 811 1256 cum
827 1180 983 1254 verbera
1000 1202 1099 1252 saeva
1114 1188 1296 1265 verentur,

297 1327 303 1342 ·
330 1294 500 1369 Tendere
517 1295 722 1369 submissas
740 1295 788 1381 ad
804 1306 870 1369 tua
886 1318 997 1369 crura
1012 1318 1157 1392 manus.

282 1410 436 1506 lgn'oras
452 1413 633 1508 tuojura3
660 1433 773 1498 voca3
802 1432 868 1483 cur
885 1433 1019 1507 arguor
1031 1411 1190 1484 absens?

329 1526 354 1599 J
356 1527 559 1602 amdudum
576 1525 736 1600 dominae
753 1548 855 1598 more
871 1526 996 1600 venire
1010 1526 1115 1623 jube.
1268 1529 1316 1596 80

283 1640 372 1740 Ipsa
389 1667 492 1717 meos
510 1642 660 1716 scindas
676 1641 764 1714 licet
781 1640 979 1739 imperiosa
992 1641 1158 1740 capillos,

332 1757 486 1857 Oraque
500 1760 575 1833 sint
588 1758 713 1855 digitis
731 1757 845 1831 livida
861 1757 961 1831 facta
976 1756 1050 1830 tuis
1065 1782 1074 1830 :

282 1873 420 1949 Omnia
436 1875 642 1974 perpetiar:
671 1885 816 1952 tautum
830 1873 987 1948 fortasse
1001 1872 1153 1957 timebo,

331 1991 498 2090 Corpore
513 1990 670 2064 laedatur
686 2013 733 2063 ne
750 2013 882 2063 manus
899 1990 973 2063 ista
988 2011 1085 2062 meo.

283 2107 360 2181 Sed
374 2131 497 2205 neque
514 2105 772 2204 compedibus,
784 2128 854 2178 nec
867 2128 929 2178 me
942 2126 1140 2203 compesce
1154 2102 1314 2177 catenis:

331 2223 516 2297 Servabor
532 2222 638 2318 firmo
654 2221 800 2296 vinctus
818 2244 944 2294 amore
963 2221 1030 2294 tui.
1268 2220 1315 2290 86

186 2388 194 2399 -
282 2337 379 2412 Cum
391 2339 488 2413 bene
505 2361 559 2424 se,
578 2347 836 2435 quantumque
853 2337 966 2436 volet,
981 2331 1171 2409 satiaverit
1188 2334 1263 2420 ira3

330 2454 420 2553 Ipsa
435 2455 504 2529 tibi
520 2454 636 2540 dices,
655 2451 778 2537 Quam
795 2453 981 2552 patienter
998 2452 1118 2525 amat!

261 2567 265 2577 '
283 2570 371 2669 Ipsa
385 2571 454 2645 tibi
471 2567 587 2656 dices,
607 2568 671 2642 ubi
687 2568 824 2643 videris
841 2568 967 2641 omnia
983 2566 1099 2654 ferre3

329 2686 423 2760 Tam
441 2687 537 2760 bene
554 2686 620 2782 qui
637 2685 761 2771 servit,
781 2684 918 2759 serviat
934 2684 1005 2758 iste
1022 2683 1124 2756 mihi.
1269 2683 1318 2752 90

284 2787 499 2875 Nunc'reus
516 2800 644 2874 infelix
662 2801 798 2875 absens
816 2825 929 2899 agor:
958 2810 997 2875 et
1013 2823 1110 2885 mea,
1129 2821 1215 2870 cum
1234 2795 1282 2869 sit

183 3008 189 3021 ι
332 2916 499 3017 Optima,
518 2941 592 2991 non
610 2916 684 2992 ulio
701 2941 836 2993 caussa
851 2928 979 2992 tuente
996 2917 1105 3016 perit.

283 3034 367 3109 Hoc
380 3057 545 3133 quoque,
558 3034 660 3131 quod
668 3035 733 3130 jus
743 3043 814 3119 est,
831 3033 880 3107 sit
892 3032 1073 3130 scriptum
1083 3030 1218 3128 injuria
1234 3050 1318 3099 nos-

331 3150 441 3236 Quod
460 3150 507 3224 de
525 3173 586 3222 me
604 3151 683 3223 solo
700 3173 835 3249 nempe
854 3148 1034 3247 queraris,
1045 3147 1316 3241 habes.[trum:

285 3264 369 3341 Non
387 3267 523 3340 meruit
535 3265 611 3340 falli
629 3290 778 3339 mecum
796 3288 949 3363 quoque
968 3262 1089 3338 Delia.
1108 3262 1232 3336 sinon
1270 3263 1317 3333 95

330 3380 398 3455 Vis
416 3381 507 3454 mihi
523 3380 748 3479 promissum
767 3381 935 3466 reddere,
954 3379 1068 3453 redde
1088 3377 1192 3451 Deae.

282 3497 425 3584 Adfuit,
444 3508 483 3570 et
493 3496 598 3585 vidit,
617 3522 703 3570 curn
721 3508 762 3571 tu
780 3498 942 3596 decepta
958 3496 1141 3570 rubebas:

333 3612 383 3686 Et
398 3636 528 3686 vocem
546 3613 697 3687 memori
716 3613 881 3687 condidit
898 3637 986 3688 aure
1003 3624 1119 3687 tuam.

282 3730 420 3803 Omina
437 3752 475 3802 re
492 3741 655 3803 careant.
683 3729 775 3801 nihil
792 3740 852 3802 est
866 3728 1064 3802 violentius
1081 3726 1160 3808 illa,

331 3845 428 3918 Cum
447 3868 526 3931 sua,
546 3844 647 3941 quod
666 3843 791 3929 nolim,
809 3843 963 3916 numina
979 3843 1069 3914 laesa
1084 3839 1197 3913 videt.
1247 3841 1316 3909 100

281 3960 420 4057 [Testis
437 3960 507 4035 erit
525 3959 733 4057 Calydonis
750 3982 851 4058 aper.
879 3982 965 4031 narn
983 3958 1135 4041 scimus,
1155 3965 1197 4027 ut
1214 3952 1278 4025 illo

332 4077 391 4150 Sit
407 4075 527 4171 magis
545 4075 583 4148 in
600 4085 728 4148 natum
746 4099 846 4149 saeva
863 4084 1010 4174 reperta
1025 4070 1192 4172 parens]

281 4239 401 4287 Putmeo
416 4239 535 4300 placandi.
561 4245 634 4286 recte.
666 4236 775 4286 Alterum
858 4236 899 4284 78.
919 4235 1018 4284 Tendere
1034 4236 1239 4282 mbmirratintao
1248 4249 1318 4281 crura

282 4310 519 4362 uunevixdieitur.
541 4311 671 4371 Hmrsrus.
703 4311 775 4359 Sanc·
826 4307 927 4371 mom]
956 4309 994 4356 Ad
1015 4318 1056 4355 raa
1079 4306 1195 4356 meliores.
1221 4306 1318 4373 quidam

283 4386 330 4434 tius
342 4385 386 4433 rib.
397 4384 431 4434 iii.
442 4386 531 4434 Miner.
541 4400 595 4450 cap.
603 4386 627 4434 8.
661 4383 776 4434 Ptocondi
825 4382 906 4439 etiam,
917 4386 957 4431 aab
967 4385 1081 4445 conjura.
1103 4382 1202 4432 'Herus

282 4461 318 4507 tui
336 4457 449 4507 defendit.
468 4460 511 4508 sed
532 4458 570 4508 Cl.
588 4458 663 4508 Periz.
686 4475 711 4507 n.
735 4460 774 4507 18.
860 4458 914 4505 101.
927 4456 1049 4505 Testirerit
1063 4456 1184 4519 Calydonis
1194 4474 1319 4519 apennom

280 4542 406 4595 utrumque
416 4531 464 4581 dici
473 4549 540 4599 posse
551 4532 621 4581 docet
631 4542 655 4581 et
666 4532 695 4581 ad
706 4533 746 4581 lib.
759 4533 774 4580 i.
825 4526 941 4579 dimanat
953 4529 1016 4594 iilo]
1035 4529 1098 4578 Mihi
1108 4539 1132 4579 ct
1148 4531 1191 4581 boc
1202 4529 1319 4580 distichon

278 4622 333 4670 cap.
344 4606 370 4653 2.
383 4620 407 4651 n.
420 4605 443 4653 7.
458 4606 551 4671 praefert
561 4608 685 4667 placando.
824 4604 981 4655 adulterinum
993 4602 1091 4654 videtur.
1124 4605 1266 4655 Scholiastes
1276 4604 1319 4652 ali·

331 4685 410 4733 vot.
429 4685 451 4734 1.
903 4688 924 4734 'i'

1447 4630 1501 4725 0
