3600 5925
664 738 887 807 nnosurr.
922 716 1065 804 mni.
1088 743 1120 807 s.
1344 744 1408 808 sn

371 910 530 990 Ferreus
546 923 714 988 orantem
732 912 997 1011 nequicquam,
1013 913 1163 1010 janitor,
1183 916 1301 989 audis.

419 1030 634 1105 Roboribus
651 1030 754 1104 duris
766 1031 885 1127 janua
900 1029 996 1104 fulta
1012 1031 1118 1127 riget.

371 1145 538 1235 Urbibus
555 1147 720 1220 obsessis
738 1147 875 1221 clausae
893 1147 1100 1222 munimina
1113 1159 1233 1247 portae

419 1261 590 1351 Prosint3
619 1262 659 1335 iu
675 1262 800 1336 medii
818 1286 912 1362 pace
930 1264 1022 1359 quid
1040 1286 1143 1337 arma
1159 1264 1295 1337 times?
1359 1270 1409 1337 30
1522 1361 1526 1367 Ι

369 1376 469 1463 Quid
487 1377 603 1453 facias
619 1377 731 1464 hosti,
750 1378 816 1475 qui
834 1379 887 1452 sie
906 1378 1076 1453 excludis
1094 1379 1309 1453 amantem?

416 1493 604 1594 Tempora
619 1494 741 1569 noctis
758 1503 869 1568 eunt:
896 1505 1033 1569 excute
1051 1505 1160 1591 poste
1177 1518 1310 1568 seram.

369 1608 456 1684 Non
473 1635 544 1709 ego
562 1610 743 1685 militibus
759 1609 868 1684 venio
886 1610 1084 1684 comitatus
1102 1620 1142 1684 et
1157 1610 1281 1682 armis.

419 1727 531 1802 Solus
548 1752 662 1815 eram,
680 1728 714 1800 si
730 1751 805 1801 uon
822 1748 944 1801 saevus
962 1726 1114 1800 adesset
1129 1724 1257 1798 Amor.

369 1842 481 1916 Hunc
499 1868 582 1942 ego,
601 1844 632 1916 si
650 1841 813 1940 cupium,
832 1865 1020 1937 nusquam
1038 1840 1225 1914 dimittere
1243 1839 1395 1938 possim.

418 1957 518 2033 Ante
534 1958 594 2032 vel
610 1981 634 2031 a
648 1957 826 2031 membris
843 1956 988 2031 dividar
1005 1957 1088 2054 ipse
1104 1956 1211 2029 meis.
1359 1961 1408 2029 36

368 2073 469 2172 Ergo
477 2074 606 2161 Amor,
619 2085 659 2149 et
674 2075 864 2148 modicum
881 2074 982 2147 circa
998 2096 1084 2146 mea
1099 2083 1268 2170 tempora
1281 2070 1407 2145 viuum

417 2189 571 2265 Mecum
588 2199 658 2276 est,
677 2199 716 2265 et
732 2188 893 2263 madidis
910 2188 1019 2285 lapsa
1033 2210 1172 2263 corona
1188 2185 1320 2263 comis.
1380 2174 1384 2181 Α

365 2307 481 2381 Arma
497 2306 583 2405 quis
600 2306 681 2380 brec
699 2306 855 2381 umeatl
881 2304 967 2401 quis
985 2327 1060 2377 non
1080 2312 1144 2377 eat
1160 2302 1293 2375 obvius
1310 2301 1406 2375 illisi

413 2421 599 2522 Tempora
615 2423 735 2497 noctis
751 2432 863 2497 eunt:
891 2432 1029 2496 excute
1046 2428 1155 2519 poste
1172 2442 1307 2493 serum.
1358 2422 1408 2490 40

367 2538 507 2614 Lentus
517 2541 584 2613 esi
602 2564 650 2614 an
663 2564 817 2613 somnus
827 2538 911 2636 (qui
924 2562 966 2611 se
980 2537 1078 2611 male
1093 2536 1238 2634 praebet
1251 2534 1408 2627 amanti)

414 2655 542 2729 Verba
557 2655 623 2729 dat
639 2655 678 2729 in
693 2664 824 2729 ventos
843 2676 932 2727 aure
948 2652 1099 2751 repulsa
1115 2650 1208 2723 tud?

365 2771 418 2845 At
434 2770 621 2867 (memini)
638 2770 770 2868 primo,
789 2794 877 2843 cum
894 2780 933 2843 te
949 2770 1073 2843 celare
1090 2767 1271 2851 solebam,
1386 2804 1391 2815 ·

416 2886 578 2983 Pervigil
592 2888 631 2964 in
648 2886 782 2961 mediae
799 2886 922 2960 sidera
939 2883 1060 2958 noctis
1076 2906 1173 2957 eras.

366 3004 536 3077 Forsitan
554 3014 594 3077 et
609 3014 734 3077 tecum
752 3013 818 3077 tua
834 3027 932 3076 nuuc
951 3001 1154 3100 requiescit
1171 2998 1304 3072 amica.
1357 3001 1405 3070 45

414 3118 502 3193 Heu
519 3118 650 3193 melior
667 3127 808 3217 quanto
827 3142 907 3192 sors
925 3128 991 3192 tua
1008 3127 1108 3191 sorte
1125 3114 1229 3188 med!

365 3237 578 3311 Dummodo
596 3234 663 3323 sic,
682 3236 721 3308 in
737 3259 797 3309 me
815 3235 919 3308 durae
936 3234 1093 3310 transite
1110 3241 1266 3304 eatenae.

413 3353 599 3451 Tempora
615 3350 735 3426 noetis
752 3361 863 3426 eunt:
891 3362 1028 3427 excute
1047 3358 1155 3448 poste
1172 3369 1307 3422 seram.

362 3551 468 3601 gumque
488 3542 512 3584 te
532 3533 624 3599 ligarit.
649 3542 720 3584 reete.
745 3551 790 3584 vox
814 3552 859 3584 sm·
941 3537 982 3583 41.
1001 3534 1089 3582 lenton
1105 3534 1146 3579 es?
1169 3548 1201 3578 as
1216 3546 1312 3586 mser,
1328 3532 1367 3592 qui
1387 3539 1408 3577 te

362 3628 431 3675 quam
440 3607 510 3658 simili
520 3606 633 3673 loquendi
648 3607 718 3657 modo
728 3606 859 3674 inentiqtto
908 3611 967 3658 mle
985 3610 1067 3671 prebet
1087 3603 1198 3667 samnii]
1224 3601 1314 3656 Scribe,
1330 3606 1369 3664 qui
1386 3619 1407 3650 se

363 3684 503 3734 Humum
513 3680 640 3747 Epitaphio
648 3680 748 3746 legitur:
908 3685 967 3731 siste
979 3684 1060 3745 prabet
1076 3682 1173 3727 munti.
1190 3685 1261 3739 atque
1280 3674 1315 3721 itu
1331 3675 1406 3724 codex

396 3759 478 3815 Pareo,
489 3759 523 3806 ite
540 3774 585 3804 non
599 3771 700 3820 uuquam
711 3756 806 3804 sissilsrs
822 3771 859 3806 cs·
910 3757 1007 3813 Duum,
1018 3763 1043 3804 et
1061 3751 1171 3806 Sarravii
1186 3758 1212 3799 et
1225 3746 1406 3798 Arundelisnus

456 3832 546 3892 periers
555 3831 661 3885 ddum,
909 3830 1009 3878 Somrm
1018 3827 1082 3880 enim
1096 3833 1203 3875 smuuoes
1218 3837 1285 3872 rarus
1302 3822 1405 3887 respicit.

426 3904 459 3952 Es
470 3905 571 3970 sumunt
586 3905 643 3952 uotis
659 3903 756 3950 nunna
774 3909 859 3949 cuneta
909 3901 1039 3950 Heinsius.
1072 3901 1150 3948 Recte
1173 3895 1240 3946 addit
1261 3897 1328 3950 susle,
1350 3896 1407 3960 quia

458 3982 513 4028 tusis.
739 3974 830 4022 Hssrss.
908 3982 969 4023 teste
984 3974 1105 4023 Servioud
1116 3973 1184 4036 Virg.
1200 3988 1224 4019 x.
1239 3967 1338 4017 AEneid.
1350 3970 1406 4018 321.

360 4056 400 4104 Dc
410 4055 446 4119 τῷ
462 4069 564 4117 umen
574 4049 629 4099 vida
642 4047 674 4098 ad
685 4046 802 4106 Quinctil.
814 4047 857 4096 xii.
907 4050 1001 4111 prsbsri
1011 4050 1074 4097 bone
1082 4047 1200 4096 dicuntur.
1234 4045 1324 4092 Bous.

361 4128 441 4178 Instit.
468 4129 492 4176 3.
524 4124 638 4175 Francius
661 4121 801 4186 corrigebat,
826 4123 859 4170 sic
941 4124 984 4170 43.
1002 4119 1315 4181 Cummecslsrewlsbum]
1334 4118 1404 4181 Legi·

361 4204 423 4260 siin,
435 4202 483 4258 uel,
493 4204 594 4250 teudosi.
626 4198 717 4247 Bm.
908 4205 947 4246 tur
956 4196 1037 4253 etiam,
1049 4207 1078 4246 ts.
1093 4191 1406 4260 optimequidem.dici1uus

393 4279 433 4327 33.
452 4277 542 4326 Merum
551 4274 606 4339 ost]
624 4273 663 4322 Ita
672 4270 754 4322 Iirius
769 4270 812 4320 lib.
823 4270 858 4319 iv.
909 4270 981 4325 euim,
991 4271 1037 4320 celo
1052 4280 1074 4318 te
1083 4266 1266 4332 massarium,
1277 4265 1302 4314 id
1316 4265 1404 4315 esttibi

362 4352 403 4399 ³2.
435 4351 513 4400 &um
535 4349 667 4411 mospius,
689 4363 762 4396 ucrsm
777 4347 856 4408 spolie,
907 4343 1036 4394 abscondo.
1059 4344 1173 4392 blsusus.
1208 4341 1247 4389 Mo
1263 4342 1404 4390 celersmls·

361 4437 435 4472 murs
444 4426 611 4472 mandemus
617 4440 625 4480 ;
643 4439 694 4471 sss·
704 4422 801 4470 hostibus
810 4435 856 4469 sss·
907 4423 957 4468 bam
967 4427 1059 4485 septem
1069 4416 1172 4468 codices.
1190 4425 1301 4482 quatuor,
1313 4427 1336 4466 ts
1349 4418 1403 4465 mle·

362 4496 463 4552 lomim.
474 4496 550 4546 etlib.
561 4513 617 4545 xxx.
632 4497 674 4546 33.
710 4494 811 4543 Victoria
823 4504 856 4542 est
906 4497 964 4543 bessu
983 4503 1056 4544 recte.
1089 4493 1192 4550 Canace,
1209 4495 1233 4541 id
1250 4502 1273 4543 te
1284 4493 1406 4544 scissim

360 4588 413 4620 eum
425 4569 508 4619 Punic.
907 4587 986 4617 renum.
1018 4569 1108 4619 Hnss.

953 4651 1049 4698 xl
