3600 5925
568 836 829 903 HEROIDES.
854 835 924 899 ΕΡ.
949 835 1030 900 XV.
1258 842 1322 907 185

277 1013 452 1089 Candida
469 1012 500 1084 si
518 1005 594 1083 ndu
611 1034 709 1096 sum,
729 1009 871 1107 placuit
888 1007 1061 1105 Cepheia
1077 1007 1218 1087 Perseo
1273 1020 1322 1091 35

327 1127 580 1211 Andromede,
600 1126 730 1223 patriae
749 1125 857 1199 fusca
873 1125 998 1199 colore
1015 1150 1105 1199 suae.

276 1241 328 1318 Et
346 1243 455 1317 variis
473 1243 569 1317 albae
582 1243 792 1339 junguntur
809 1263 911 1339 saepe
929 1239 1134 1317 columbae:

328 1358 379 1432 Et
396 1359 502 1454 niger
519 1357 541 1430 a
558 1356 666 1430 viridi
682 1367 805 1430 turtur
822 1365 968 1429 amatur
985 1379 1064 1430 ave.

277 1472 332 1560 Si,
352 1474 422 1546 nisi
441 1497 527 1572 quae
545 1471 641 1546 facie
659 1470 798 1570 poterit
813 1483 854 1546 te
869 1471 986 1567 digna
998 1472 1127 1558 videri,
1292 1558 1296 1567 .

327 1588 444 1661 Nulla
459 1587 586 1660 futura
601 1598 669 1661 tua
685 1598 764 1676 est3
793 1587 897 1661 nulla
912 1585 1037 1661 futura
1054 1598 1120 1661 tua
1136 1602 1206 1665 est.
1273 1598 1322 1665 40

277 1701 341 1790 At,
363 1727 425 1777 me
442 1726 529 1776 cum
546 1703 705 1799 legeres,
725 1703 839 1776 etiam
856 1703 1019 1776 formosa
1035 1704 1209 1780 videbar:

328 1817 454 1892 Unam
468 1818 623 1915 jurabas
642 1842 764 1916 usque
781 1818 918 1892 decere
936 1818 1052 1914 loqui.

276 1933 505 2022 Cantabam3
528 1933 700 2020 memini;
721 1932 990 2028 (meminerunt
999 1932 1126 2006 omnia
1137 1936 1323 2030 amantes)

327 2048 470 2122 Oscula
486 2049 653 2122 cantanti
672 2059 713 2121 tu
732 2048 824 2122 mihi
843 2058 951 2147 rapta
968 2047 1099 2122 dabas.

276 2162 369 2237 Hrec
381 2188 533 2261 quoque
545 2164 744 2238 laudabas:
765 2164 978 2261 omniquea
992 2173 1099 2260 parte
1110 2164 1320 2261 placebam.

324 2279 402 2353 Sed
419 2289 500 2352 tum
518 2280 721 2378 praecipue,
741 2305 828 2353 cum
845 2280 888 2353 fit
906 2279 1055 2354 Amoris
1073 2303 1181 2377 opus,
1272 2289 1321 2358 46

273 2391 379 2468 Τιιιιο
396 2405 435 2468 te
452 2395 539 2493 plus
557 2394 666 2470 solito
680 2395 835 2470 lascivia
851 2405 980 2469 nostra
991 2394 1161 2491 juvabat,

324 2509 543 2608 Crebraque
560 2511 762 2599 mobilitas,
781 2520 947 2611 aptaque
963 2511 1078 2584 verba
1090 2512 1200 2606 joco;

271 2621 436 2721 Quique,
455 2625 519 2698 ubi
543 2628 623 2723 jam
645 2627 841 2700 amborum
867 2626 989 2699 fuerat
1015 2639 1239 2725 consumpta
1255 2653 1317 2702 vo·

322 2738 512 2813 Plurimus
530 2740 568 2813 in
585 2741 684 2814 lasso
702 2764 859 2837 corpore
875 2741 1033 2837 languor
1050 2751 1141 2815 erat.
1163 2743 1317 2841 [luptas

274 2851 311 2925 N
314 2878 388 2926 unc
406 2854 476 2926 tibi
496 2854 679 2934 Sicelides
695 2856 862 2944 veniunt,
881 2880 978 2930 nova
994 2858 1134 2956 praeda,
1154 2860 1302 2955 puellae.

324 2967 426 3054 Quid
444 2969 535 3044 mibi
554 2994 641 3044 cum
660 2969 809 3046 Lesbo?
837 2971 972 3047 Sicelis
990 2998 1075 3049 esse
1092 2974 1189 3047 volo.

302 3177 345 3225 86.
362 3176 529 3240 Andromeda]
547 3176 620 3242 Apud
637 3176 707 3229 salv.
725 3178 771 3228 Ur·
821 3179 853 3227 Et
875 3178 1000 3228 Claverius
1019 3181 1051 3229 ad
1072 3181 1137 3230 Pers.
1158 3176 1252 3247 Prologs
1272 3182 1321 3232 vid.

271 3249 316 3299 rin.
333 3266 389 3316 pag.
402 3252 428 3299 4.
445 3250 536 3299 Illustr.
554 3251 645 3301 Femin.
659 3252 770 3302 Polimat.
819 3252 926 3303 Tumeb.
935 3252 1002 3301 xviii.
1013 3254 1114 3303 Adsere.
1127 3255 1167 3304 16.
1187 3257 1277 3305 Eunu.

271 3322 629 3389 PhilodemiEpigrammaeat:
855 3325 969 3388 Tartara]
988 3327 1076 3375 Mirum
1093 3344 1166 3394 prope
1184 3329 1322 3395 hujuaavis

304 3398 335 3448 El
352 3395 373 3446 δ’
391 3399 478 3458 duur),
496 3398 538 3446 rol
555 3399 650 3463 φλωρὰ,
666 3400 708 3448 eoi
726 3400 771 3450 οὐκ
820 3398 955 3448 castitatem
965 3416 1016 3449 eaae
1026 3400 1108 3449 scribit
1119 3402 1229 3451 AElianru
1243 3404 1285 3453 lib.
1297 3421 1321 3453 r.

369 3469 466 3536 ᾄδουσα
477 3473 509 3521 τὰ
520 3476 648 3538 Σαπφοῦς,
820 3489 874 3539 cap.
885 3474 966 3522 xxxiv.
1000 3475 1038 3523 De
1048 3474 1113 3524 Hist.
1124 3476 1230 3526 Animal.
1248 3478 1319 3527 Cror.

305 3547 357 3595 Kal
370 3546 480 3610 Περσεὺς
493 3545 578 3608 'lubic
595 3547 702 3612 dpaear'
711 3548 770 3598 Ἀν·
852 3548 893 3597 ³9.
912 3549 1059 3615 ercsmta]
1074 3550 1219 3616 eraefocier.
1228 3554 1320 3601 Matar.

370 3616 498 3684 δρομὶὃης.
820 3628 845 3669 et
856 3621 961 3670 Palatia.

269 3691 310 3740 Sic
322 3698 347 3740 et
358 3692 490 3742 Arbernus
500 3693 545 3743 lib.
555 3693 573 3742 i.
585 3710 639 3760 cap.
652 3697 692 3744 la.
720 3695 770 3745 An·
852 3695 894 3743 48.
915 3696 1073 3759 Verbnjoco]
1094 3696 1320 3753 Quidammemlrra

269 3763 649 3833 dromedenaSeppboverribm
663 3777 770 3819 notatam
812 3771 874 3830 joco.
903 3769 944 3818 alii
962 3769 1066 3825 codices,
1084 3773 1152 3818 uerbo
1174 3772 1229 3817 laco.
1256 3770 1319 3834 quod

269 3837 359 3888 scribit.
376 3838 528 3889 intercutem
543 3841 637 3907 puellas
651 3843 771 3908 aSappho
819 3842 919 3893 damnat
929 3844 1036 3894 Gronov.
1052 3844 1089 3893 iii.
1101 3845 1163 3893 Obs.
1179 3846 1220 3893 21.
1239 3853 1321 3894 contra

269 3919 361 3961 amatas
370 3912 443 3961 etiam
453 3912 575 3962 Maximus
585 3914 670 3979 Tyrius
680 3917 771 3963 Andro·
820 3916 972 3966 Salmasium.
990 3920 1122 3981 verbojoer'r
1129 3920 1222 3967 Sarrar.
1230 3928 1255 3967 et
1265 3920 1319 3969 Lin-

268 3986 348 4033 παίω
364 3985 485 4050 quandam
501 3995 617 4035 recenset.
634 3994 661 4034 ut
678 3994 703 4034 et
719 3987 772 4052 ipsa
820 3990 868 4038 col.
880 3993 947 4039 verbo
957 4009 1010 4040 sono
1022 3992 1130 4041 Francos.
1142 3992 1184 4041 sed
1200 3991 1259 4041 nihil
1270 4010 1319 4042 mo-

270 4058 365 4123 Sappbo
379 4057 405 4107 in
416 4060 549 4125 fragmento
559 4059 624 4124 apud
635 4059 705 4108 Fulv.
716 4061 771 4109 Urs.
821 4062 935 4111 rendum.
954 4069 1025 4126 jocare
1045 4074 1081 4115 est
1102 4081 1162 4131 opus
1183 4067 1276 4116 amoris.
1294 4067 1320 4116 ii.

269 4147 296 4195 p.
308 4132 345 4180 10.
354 4132 496 4183 ubividetur
503 4132 655 4182 emulatione
664 4135 771 4192 accendi,
820 4135 875 4184 Art.
886 4136 943 4185 Am.
952 4138 1009 4184 724.

271 4204 425 4268 qnoddttbis
434 4205 637 4256 inAndromeden
648 4205 772 4272 proclivior
854 4208 887 4256 Et
904 4211 982 4257 dulces
1007 4212 1112 4274 gemitus,
1136 4222 1234 4277 optoque
1253 4216 1319 4263 verbo

270 4288 341 4328 ercet.
358 4280 450 4330 Herus.
878 4286 942 4345 joco.

303 4354 344 4402 ³8.
369 4356 502 4420 detrich]
530 4355 662 4405 Psittacurn
682 4355 770 4406 intelli·
820 4356 1001 4407 insanam.

269 4426 341 4489 gebat
350 4434 404 4492 poet
421 4429 769 4489 BenmannumFrancim,e1
853 4432 943 4481 Poecile
963 4434 1093 4493 blanditias,
1113 4438 1226 4502 dignaque
1251 4440 1318 4486 rerba

270 4499 354 4549 Amor.
365 4500 390 4549 ii.
401 4502 427 4550 6.
877 4508 941 4567 joco.
959 4506 1049 4555 Burru.

305 4574 342 4623 To
359 4586 450 4637 poteras
468 4580 550 4628 oirirler
569 4581 649 4641 peram
667 4582 770 4629 hebetare
852 4582 893 4630 51.
913 4580 1043 4646 Sicelides]
1064 4581 1156 4647 Regius
1169 4584 1243 4635 tuder
1259 4586 1317 4634 Sici·

336 4653 472 4715 rmrngdor.
820 4656 883 4713 lidos,
894 4663 918 4704 et
929 4671 983 4706 mox
993 4657 1077 4707 Sicilia.
1096 4659 1160 4723 quod
1170 4675 1217 4709 non
1230 4669 1318 4710 temere
