3600 5925
478 801 545 867 1oe
773 793 814 856 P.
829 787 992 856 ovlnll
1016 784 1227 851 NASONIS

484 972 567 1047 Nec
582 992 649 1044 cur
664 967 746 1041 haec
764 964 940 1047 facerem,
954 971 1124 1058 poteram
1138 957 1230 1030 mibi
1243 953 1400 1030 reddere
1415 978 1524 1029 caus·

632 1107 713 1157 sam
726 1109 735 1155 :

535 1201 570 1274 N
574 1224 618 1274 ec
636 1221 777 1283 noram,
798 1193 890 1292 quid
909 1215 1038 1266 amaus
1056 1201 1178 1263 esset:
1207 1199 1246 1261 at
1260 1188 1352 1259 illud
1369 1210 1484 1260 eram.

485 1318 614 1390 Prima
630 1314 770 1387 malum
787 1310 915 1384 nutrix
933 1309 1057 1381 animo
1073 1305 1271 1405 praesensit
1287 1303 1374 1376 anili
1391 1329 1400 1376 :

535 1433 664 1505 Prima
679 1428 771 1503 mibi
788 1428 928 1511 nutrix,
948 1424 1057 1507 AEoli‚
1077 1421 1186 1506 dixit,
1205 1443 1321 1493 amas

486 1547 643 1632 Erubui,
663 1544 881 1642 gremioque
898 1539 1020 1639 pudor
1036 1536 1176 1634 dejecit
1192 1535 1344 1608 ocellos.
1479 1534 1525 1602 35

536 1662 630 1734 Haec
649 1660 741 1733 satis
758 1659 797 1731 in
813 1656 930 1730 tacita
946 1654 1055 1748 signa
1070 1650 1222 1724 fatentis
1239 1659 1358 1724 erant.

485 1778 649 1875 Jamque
666 1773 929 1848 tumescebant
944 1767 1064 1841 vitiati
1081 1765 1249 1863 pondera
1261 1762 1413 1849 ventris,

537 1892 726 1988 AEgraque
743 1887 919 1961 furtivum
936 1883 1106 1958 membra
1127 1882 1304 1978 gravabat
1319 1902 1428 1951 onus.

487 2008 593 2093 Quas
603 2007 694 2081 mihi
707 2029 782 2078 non
795 2003 946 2089 herbas,
959 2024 1044 2098 quae
1058 2023 1132 2072 uon
1146 1994 1395 2070 medicamina
1406 1990 1528 2066 nutrix

538 2122 689 2215 Attulit,
708 2118 842 2195 audaci
859 2115 1135 2215 supposuitque
1153 2112 1291 2185 manui
1481 2113 1537 2179 lo
1588 2164 1596 2174 .

490 2237 545 2310 Ut
561 2237 712 2335 penitus
729 2233 866 2307 nostris
884 2232 974 2328 (boc
991 2241 1030 2303 te
1047 2229 1250 2303 celavimus
1267 2224 1401 2318 uuum)

539 2351 758 2425 Visceribus
775 2371 951 2422 crescens
969 2356 1210 2420 excuteretur
1226 2368 1333 2416 onus.

490 2466 570 2539 Ah!
598 2467 753 2540 nimium
770 2467 880 2539 vivax
897 2463 1059 2537 admotis
1077 2460 1213 2535 restitit
1230 2459 1350 2531 infans

540 2584 708 2670 Artibus,
726 2594 767 2657 et
782 2593 883 2657 tecto
900 2590 1005 2655 tutus
1023 2580 1071 2653 ab
1089 2579 1198 2651 hoste
1214 2575 1295 2647 fuit.

489 2699 513 2773 J
516 2723 576 2773 arn
590 2699 717 2773 novies
730 2709 811 2773 erat
828 2708 910 2771 orta
922 2719 1026 2770 soror
1042 2692 1293 2793 pulcherrima
1310 2687 1457 2774 Phoebi,
1483 2690 1530 2758 45

543 2815 729 2913 Denaque
746 2812 921 2889 luciferos
939 2811 1047 2884 Luna
1062 2808 1237 2883 movebat
1253 2829 1385 2902 equos.

524 3123 991 3188 44.retmtuiuc]1aego,uetototus
1073 3116 1429 3182 Quodsitarurradiirfrontcar
1438 3116 1535 3164 undatur

399 3264 402 3269 Δ
491 3200 520 3248 ab
536 3199 668 3255 horreorum
678 3196 808 3255 Puteuneo,
819 3205 847 3247 ut
863 3206 888 3245 et
905 3196 992 3246 vitetur
1135 3194 1217 3249 acutis

491 3270 598 3337 ejusdem
608 3268 693 3331 roniiu
700 3269 790 3335 junctis
797 3269 991 3320 vocabulisodio
1106 3265 1228 3328 Purpureo
1243 3267 1343 3328 tepidum
1358 3266 1398 3327 uti
1410 3270 1536 3313 movetur

492 3360 520 3393 ea
545 3342 662 3409 repetitio,
689 3352 714 3392 et
739 3342 819 3392 sensui
844 3343 991 3393 cumulatur.
1138 3342 1207 3389 dien.

495 3417 576 3465 Tartar
586 3415 650 3465 enim
667 3417 734 3464 horto
744 3424 781 3465 est
795 3415 848 3481 ipse
862 3425 938 3465 meter
953 3416 992 3464 rel
1040 3411 1080 3460 Sic
1091 3419 1117 3460 et
1126 3412 1160 3462 ibi
1171 3414 1265 3464 codices
1275 3411 1382 3477 antiqui:
1399 3413 1537 3461 uouhdno

494 3490 583 3548 nutrix,
598 3505 652 3555 qua
672 3505 719 3538 non
734 3497 817 3555 aperta
832 3488 864 3545 vi,
874 3488 917 3538 sed
929 3487 993 3537 clam
1041 3502 1123 3543 nure,
1135 3496 1207 3538 uteet
1217 3487 1367 3552 invulgati:
1378 3503 1450 3552 quem
1459 3486 1537 3535 locum

495 3563 574 3613 herbis
583 3572 608 3612 et
617 3562 814 3612 medicaminibus
826 3570 937 3611 excutere
947 3562 992 3610 ιω·
1042 3570 1163 3626 receptam
1173 3563 1313 3628 scripturam
1329 3562 1390 3611 tueri
1406 3561 1432 3610 iu
1445 3561 1481 3610 bis
1491 3560 1537 3609 Cs-

494 3646 546 3685 tum
556 3636 674 3685 tentabat.
690 3635 729 3684 vel
739 3637 805 3683 bouis
814 3634 846 3683 sit
855 3634 933 3700 ipsum
943 3650 993 3683 me·
1043 3648 1115 3682 noces
1125 3636 1247 3685 contendit
1263 3637 1424 3692 Burmannus,
1435 3644 1460 3684 et
1473 3633 1538 3684 erin·

495 3708 606 3780 dicanmp
621 3708 728 3765 noxium,
748 3716 775 3757 ut
794 3706 918 3772 Micyllus,
929 3708 994 3773 quod
1043 3722 1105 3765 cere,
1116 3726 1156 3775 pro
1174 3711 1241 3760 Deua
1257 3710 1328 3758 Lena
1342 3726 1390 3759 non
1406 3726 1457 3759 esse
1469 3722 1536 3772 repo·

495 3783 559 3832 clam
568 3799 611 3848 per
621 3782 727 3830 membra
742 3782 869 3847 serpebut3
885 3789 912 3830 ut
922 3784 994 3829 ictum
1044 3782 1148 3832 nendum
1160 3784 1241 3841 Plena,
1252 3784 1287 3833 uti
1298 3782 1434 3832 doctissimo
1449 3784 1539 3832 Grono-

495 3874 579 3905 cecum
592 3857 618 3905 in
629 3855 681 3905 loco
691 3856 814 3906 Fastorum
824 3854 894 3904 modo
904 3855 994 3905 adduc·
1045 3855 1082 3906 rio
1097 3857 1122 3906 iu
1133 3857 1351 3915 Observatiouibus,
1362 3859 1407 3906 lib.
1418 3859 1450 3907 iv.
1461 3874 1485 3907 c.
1498 3859 1539 3907 lo.

495 3940 521 3979 to
531 3930 603 3979 dixit.
636 3931 727 3980 anrr.
1046 3930 1181 3982 ridebatur.
1215 3934 1268 3983 Nec
1279 3948 1334 3981 cum
1344 3933 1465 3981 Putesueo
1481 3931 1541 3979 libro

529 4005 565 4051 At
580 4004 661 4067 botta]
680 4004 733 4053 Hoc
747 4011 784 4053 est
797 4019 813 4053 ι
828 4003 962 4069 pharmacis
972 4011 997 4053 et
1046 4013 1071 4055 et
1080 4007 1134 4056 aliis
1143 4008 1272 4065 nonnullis,
1283 4006 1359 4062 Nune,
1369 4005 1433 4070 quod
1442 4020 1542 4067 mugnus

497 4075 703 4135 medicemiuibus,
718 4093 765 4126 nou
781 4085 874 4127 tantum
890 4079 921 4126 ab
938 4094 995 4127 auu.
1045 4080 1151 4143 Scaliger
1159 4083 1277 4147 probavit.
1309 4081 1373 4129 Nota
1384 4078 1442 4127 illa:

497 4166 576 4214 neque
588 4151 666 4209 refert,
677 4152 742 4216 quod
755 4153 784 4201 ab
794 4153 855 4201 boue
870 4151 996 4216 singulari-
1078 4153 1154 4202 Matri
1164 4156 1320 4222 longudecem
1331 4150 1540 4215 tulmntfudidia

497 4231 533 4271 ter
550 4223 611 4273 dixit
626 4241 682 4274 cum
700 4227 782 4275 Ιιιιιιιιιι
792 4225 858 4275 dicat
872 4227 996 4292 metapbo·
1109 4246 1202 4278 meuses.

497 4295 545 4344 rice
561 4297 677 4362 quidquid
695 4299 730 4347 illi
747 4300 872 4350 adversum
885 4309 911 4349 ct
924 4301 996 4351 inies·
1046 4301 1134 4350 Noster
1144 4303 1169 4351 iu
1182 4302 1268 4359 Fastis,
1280 4301 1305 4350 ii·
1318 4302 1378 4350 176:

499 4369 616 4416 tuml'uit.
650 4371 747 4420 Mrcru.
1080 4375 1243 4425 Lumnomtm
1258 4376 1337 4425 ducier
1352 4375 1542 4438 impleratcmi·

531 4438 573 4485 46.
591 4440 700 4503 Donaqroe
716 4446 823 4510 lucrfiror
840 4447 911 4497 Luna
926 4466 996 4498 mone-
1142 4452 1183 4498 bus
1193 4453 1279 4499 orbam.-

498 4511 536 4556 bat
546 4513 635 4575 cquae]
654 4514 693 4562 Sic
704 4515 758 4565 libri
772 4530 864 4570 veteres
880 4538 929 4571 uno
938 4538 995 4572 con·
1112 4524 1168 4578 Qut
1178 4524 1263 4588 fuant
1280 4528 1346 4589 uirgo
1361 4525 1456 4579 credita,
1472 4531 1545 4572 mter

498 4599 583 4633 seusu:
600 4592 625 4633 et
634 4594 708 4636 recte.
740 4591 816 4656 Epist.
824 4593 857 4642 iv.
870 4596 930 4644 160:
1115 4615 1118 4621 ·
1140 4607 1200 4646 σαι.
1419 4597 1510 4648 Artis.
