3600 5925
487 832 620 906 119ι

781 841 820 905 Ρ.
845 836 1007 904 OVIDII
1031 836 1243 907 NASONIS

495 1015 593 1102 Uno,
612 1038 743 1089 reeens
759 1014 914 1098 crimen,
934 1010 1128 1110 profertur
1144 1014 1316 1089 adultere
1331 1018 1458 1107 nobis;

544 1132 655 1206 Unde
673 1155 744 1227 ego
762 1153 846 1202 sum
864 1127 972 1225 Lydo
990 1127 1089 1201 saeta
1106 1153 1266 1205 noverca
1283 1131 1412 1207 Lamo.

492 1250 719 1335 Maeande,
737 1246 849 1321 toties
867 1245 933 1341 qui
949 1245 1058 1318 terris
1076 1257 1174 1319 errat
1191 1247 1230 1320 in
1246 1250 1379 1337 lsdem,

1487 1253 1534 1323 55

542 1368 617 1453 Qui
633 1368 753 1440 lassas
770 1365 809 1437 in
826 1387 868 1436 se
884 1385 987 1459 serpe
1004 1372 1197 1459 retorquet
1213 1388 1345 1462 aqum,

491 1483 598 1557 Vidit
615 1484 653 1556 in
671 1480 861 1555 Herculeo
878 1500 1065 1575 suspense
1080 1479 1234 1553 monilia
1249 1483 1368 1570 collo;

543 1599 626 1685 Illo,
646 1598 707 1670 cui
724 1596 860 1670 coelum
878 1594 1028 1667 sarcina
1043 1618 1158 1691 parva
1174 1596 1256 1670 fuit.

493 1712 581 1789 Non
598 1711 732 1812 puduit
748 1711 862 1784 fortes
880 1732 971 1783 auro
988 1710 1165 1784 cohibere
1182 1712 1354 1799 lacertos

541 1829 593 1904 Et
609 1828 738 1903 solidis
756 1848 924 1923 gemmas
942 1824 1163 1923 adposuisse
1181 1828 1283 1901 toris,

490 2037 542 2077 tum
551 2025 624 2076 etiam
634 2024 699 2091 quod
713 2023 848 2089 Stephanus
856 2021 989 2069 ‘lucution-

490 2110 539 2151 tem
547 2099 645 2164 ‘l'nespii
654 2096 821 2165 pertremiscit,
831 2111 901 2160 equo
912 2095 987 2143 Tlos·

489 2180 579 2225 mondo
589 2177 657 2222 turbo
664 2173 718 2238 jure
727 2169 873 2235 'l'hespisdes
882 2169 989 2233 appellu-

490 2258 531 2298 tse.
549 2250 689 2298 Fosrmus.
723 2243 797 2293 Veris
806 2243 845 2291 hie
854 2242 989 2291 comminis-

489 2333 576 2373 cuntur
593 2323 742 2386 interpretes.
765 2317 808 2366 sed
825 2331 907 2365 verum
925 2316 989 2380 qnod

489 2395 605 2462 &muns
634 2402 688 2459 post
716 2390 859 2441 Politisnum
890 2389 989 2446 noterit,

490 2472 605 2520 Nostrum
610 2468 678 2533 sequi
685 2474 792 2515 suctores
799 2463 860 2520 illos,
868 2462 989 2528 quiThes-

489 2543 555 2609 pium
564 2542 614 2591 sive
624 2540 729 2605 Thespin
738 2538 829 2588 lucium
837 2536 989 2585 Tbeutmntis

489 2616 572 2674 filium,
583 2614 712 2664 Pandionis
729 2621 850 2679 nepotem.
866 2610 918 2659 vid.
929 2612 989 2659 Eus-

489 2692 551 2741 teth.
570 2691 601 2740 sd
619 2689 690 2739 Ilied.
700 2688 728 2751 β.
748 2689 807 2736 498.
822 2695 848 2735 et
863 2686 947 2751 steph.
964 2686 989 2734 in

489 2765 606 2816 Oerrelo.
621 2771 647 2812 et
662 2760 814 2811 Bernertimn
829 2760 860 2808 ed
875 2759 990 2808 sustitit.

487 2839 548 2889 Silv.
565 2837 584 2886 i.
602 2836 644 2902 qui
661 2834 696 2884 ibi
713 2833 820 2884 Domitio
834 2832 929 2881 miranti
945 2832 990 2882 hoc

402 2916 409 2929 '
488 2913 610 2980 epitheton
636 2908 760 2960 satisfecit.
783 2905 833 2956 vid.
855 2915 880 2955 et
903 2906 989 2956 Senes.

488 2989 562 3038 Here.
579 2989 637 3037 Fur.
649 2987 706 3035 177.
722 2983 764 3034 ubi
775 2984 881 3033 Gronov.
895 2982 926 3031 de
945 2982 989 3032 hoc

489 3063 600 3113 Herculis
626 3061 688 3110 virili
716 3057 788 3125 plone
816 3057 918 3106 iocinore
948 3057 990 3107 vid

489 3139 603 3187 Munker.
612 3134 741 3201 udHygin.
751 3133 811 3181 Feb.
819 3132 885 3181 clxii.
897 3133 988 3182 Bonis.

520 3213 562 3260 63.
582 3209 635 3257 Uno
652 3207 749 3271 reem]
768 3206 825 3254 Non
839 3205 870 3255 de
885 3205 936 3256 lole
952 3206 990 3256 in·

488 3283 585 3349 telligit,
594 3282 637 3332 sed
646 3281 677 3331 de
688 3279 808 3347 Omphele
818 3279 938 3346 Lydorum
951 3297 989 3331 re·

488 3359 557 3425 gine:
579 3356 619 3406 cui
637 3355 754 3405 Hercules
768 3356 803 3403 ito
817 3353 916 3403 servisse
930 3354 989 3403 dici·

488 3442 535 3490 tur,
544 3439 572 3481 ut
585 3431 665 3480 omnis
675 3428 764 3478 feceret
773 3444 826 3493 quse
842 3427 989 3493 imperasset.
1013 3479 1017 3484 ,

489 3501 989 3570 ExhsogenuitHerculeslnmnmfilium.

522 3577 658 3644 Refertur-‚J
673 3575 786 3642 Refertur
795 3573 864 3622 multi
876 3590 907 3622 ex
916 3575 990 3641 scrip-

487 3656 526 3705 tis.
547 3652 590 3702 sed
603 3648 866 3717 praesmurlegendum
876 3663 931 3697 cum
947 3665 989 3698 sex

488 3726 619 3777 codicibus.
649 3722 768 3774 Deianira
777 3722 807 3771 de
817 3721 870 3770 Iole
880 3720 989 3772 similiter

488 3799 552 3868 apud
563 3801 678 3849 Senecam
688 3795 792 3846 Hercule
802 3794 880 3843 OEmo
890 3796 949 3844 304.

520 3900 619 3912 ——
629 3872 703 3935 Capro
710 3871 808 3933 prelato
818 3878 850 3918 est
859 3870 925 3926 miti,

522 3949 576 3998 Non
583 3947 730 4015 preferatur.
743 3970 838 3982 --
863 3943 955 3993 Herus.

489 4023 619 4090 Profertur
626 4021 699 4072 etiem
707 4018 919 4069 francofurtensis.

521 4101 562 4147 65.
579 4097 706 4154 Meoodsr,
717 4097 782 4144 toties
794 4097 834 4158 qul
848 4097 916 4143 terris
925 4103 989 4143 mot

487 4175 514 4221 ist
523 4170 616 4236 isdem]
637 4171 703 4235 Rs‘pis
712 4174 739 4220 t'rt
746 4169 816 4219 isdem
826 4177 894 4218 vetus
904 4167 987 4218 editio.

490 4245 566 4294 Terris
584 4249 647 4294 toties
666 4249 706 4310 qui
726 4248 826 4295 uoluitur
841 4243 912 4292 isdem
927 4260 989 4293 unus

489 4319 628 4369 Vaticanus.
660 4320 747 4368 Seuer.
757 4318 867 4369 Plroenis.
878 4320 938 4367 605.
1047 4367 1049 4372 ,

523 4390 572 4438 Nee
581 4392 637 4439 tetis
646 4394 722 4440 minus
733 4391 861 4440 Mcorrdros
871 4395 933 4440 orvis

522 4461 608 4510 Flectit
616 4473 718 4512 montes
727 4481 806 4528 moos.

488 4534 527 4583 Sic
538 4533 634 4598 Orpheo
648 4535 674 4583 in
684 4534 860 4600 Argomuticis,
870 4535 929 4602 ῥοαὶ
940 4555 986 4588 rro·

487 4604 632 4666 λυπλάνεος
649 4606 807 4674 Μαιάνδρου.
842 4609 929 4661 Vibius
943 4614 986 4661 Se·

488 4687 595 4746 quester:
636 4681 765 4731 Meandros
800 4683 881 4741 Coris,
913 4689 987 4749 gentis

1485 1831 1531 1901 60

1039 2023 1108 2071 Asia.
1125 2025 1342 2089 hictootflsruosesr
1357 2035 1435 2080 estut
1452 2028 1477 2073 is
1493 2041 1535 2073 sess

1038 2108 1153 2146 rocenat.
1187 2098 1235 2147 Hic
1248 2100 1333 2149 iterum
1348 2100 1407 2148 mire
1418 2099 1535 2148 variarunt

1038 2187 1123 2221 monus
1132 2173 1279 2223 librariorum
1296 2174 1322 2222 in
1336 2174 1380 2223 hoc
1396 2174 1448 2222 loco
1458 2173 1535 2238 expri-

1039 2246 1134 2295 mendo.
1169 2246 1194 2295 in
1220 2248 1347 2304 Vaticano,
1377 2247 1535 2303 Intimelisno,

1039 2318 1169 2369 Berberiuo
1180 2329 1205 2369 et
1214 2336 1263 2369 uno
1272 2320 1419 2370 Mentelieno
1428 2327 1486 2375 eret,
1497 2323 1537 2382 qui

1038 2411 1061 2442 se
1071 2398 1134 2444 toties
1150 2399 1266 2445 concludit
1282 2400 1307 2446 iu
1318 2399 1398 2445 ortem
1414 2396 1439 2443 in
1449 2393 1535 2458 Regio,

1039 2473 1150 2533 tortuoso
1158 2487 1180 2519 re
1189 2473 1290 2519 includit
1300 2474 1326 2519 is
1336 2474 1477 2534 vetereque
1488 2468 1535 2517 lec·

1038 2543 1115 2592 tiones
1132 2561 1161 2593 ex
1179 2544 1327 2594 libreriomm
1343 2547 1439 2594 cerebro
1455 2557 1535 2609 prore·

1038 2616 1088 2666 nire
1106 2618 1260 2683 nequierunt:
1279 2618 1401 2668 occultent
1417 2617 1480 2666 euim
1497 2631 1535 2665 ve·

1039 2690 1197 2741 nustissimsm
1224 2693 1358 2748 lectionem,
1379 2701 1404 2740 et
1426 2706 1497 2756 quem
1521 2705 1536 2739 e

1039 2765 1114 2814 Podtu
1122 2766 1266 2825 luxuriante,
1277 2776 1304 2816 ut
1314 2767 1374 2815 solet
1390 2766 1415 2814 in
1430 2764 1475 2823 his,
1485 2780 1536 2831 pm-

1038 2838 1124 2888 lectum
1135 2848 1226 2905 putem.
1243 2839 1335 2906 scripsit
1345 2840 1471 2888 nimirum:

1073 2913 1209 2973 Mandros,
1220 2918 1283 2964 toties
1298 2916 1338 2980 qui
1353 2931 1427 2964 worm
1442 2914 1536 2961 luditis

1073 3062 1120 3115 Qui
1131 3063 1199 3110 lesos
1209 3065 1234 3110 iu
1244 3078 1267 3110 se
1276 3077 1331 3125 rope
1338 3072 1451 3126 retorquet
1461 3078 1537 3125 aqum.

1039 3133 1131 3183 Ludere
1140 3135 1198 3184 ‹fieit
1208 3139 1235 3184 ist
1245 3138 1318 3184 orbem
1328 3135 1486 3192 Maeandrum,
1493 3135 1535 3184 ed·

1038 3207 1124 3258 ludens
1140 3209 1171 3258 ed
1187 3211 1309 3267 saltantes,
1320 3211 1361 3275 qui
1379 3210 1475 3259 chorum
1492 3208 1536 3258 du·

1039 3292 1105 3340 cunt,
1116 3284 1175 3332 etin
1186 3300 1269 3349 gyrum
1287 3283 1383 3333 ludunt.
1400 3294 1428 3333 ut
1437 3284 1468 3333 de
1478 3283 1537 3332 Det-

1039 3355 1151 3421 phinibus
1161 3357 1198 3406 iii.
1211 3359 1273 3407 Met.
1285 3358 1343 3406 68⁵.

1073 3428 1146 3494 lupus
1156 3433 1218 3479 eltort'
1229 3434 1314 3481 ludunt
1325 3433 1425 3492 specim

1039 3503 1071 3551 Et
1080 3503 1112 3552 de
1122 3504 1207 3554 Fluvio
1216 3504 1341 3554 Petronius
1350 3519 1404 3570 esp.
1414 3501 1495 3552 emi.

1072 3577 1123 3626 Hos
1141 3581 1203 3627 inter
1220 3580 1313 3627 ludelm
1328 3580 1393 3642 equis
1410 3577 1536 3626 montibus

1103 3667 1186 3700 omnes.

1039 3724 1088 3774 Ubi
1099 3726 1169 3792 plura
1178 3724 1322 3774 notavimus.
1340 3732 1365 3774 et
1380 3723 1433 3772 bec
1449 3721 1535 3786 signifi·

1038 3798 1101 3847 catio
1111 3801 1156 3848 τοῦ
1167 3801 1245 3848 ludere
1254 3806 1291 3847 est
1301 3798 1359 3848 setis
1366 3795 1452 3856 obvis3
1467 3805 1492 3844 et
1500 3796 1536 3844 lo·

1038 3886 1081 3920 cus
1090 3871 1118 3921 ii.
1129 3874 1193 3922 Met.
1203 3872 1262 3920 246.
1273 3873 1304 3920 ab
1312 3871 1411 3920 Heinsio
1422 3868 1537 3918 adductus

1037 3944 1537 4012 egregiesdfirmst.cuiedder1uMetsm.

1039 4021 1096 4069 loz.
1108 4030 1132 4070 et
1142 4037 1195 4086 quse
1212 4021 1247 4070 ibi
1256 4020 1371 4069 Heinsius
1380 4026 1456 4068 notet.
1468 4032 1535 4066 nemo

1037 4095 1124 4144 melius
1134 4096 1197 4144 hunc
1213 4110 1295 4144 seeum
1312 4093 1416 4142 ludentis
1432 4101 1457 4140 et
1470 4088 1537 4156 qussi

1037 4168 1135 4217 chorum
1151 4167 1261 4217 ducentis
1278 4165 1395 4216 Mreendri
1409 4165 1537 4229 imaginem

1037 4242 1152 4307 expressit
1162 4242 1253 4290 Seneci
1263 4241 1334 4290 Herc.
1346 4239 1402 4287 Fur.
1413 4238 1471 4286 684.

1168 4315 1251 4369 Quolis
1261 4317 1347 4362 incerto
1357 4327 1430 4376 orgus

1072 4389 1189 4438 Mamer
1197 4391 1263 4438 undo
1273 4389 1341 4445 ludit,
1351 4396 1373 4435 et
1383 4386 1442 4434 redi
1452 4383 1493 4432 u'tt

1069 4463 1195 4528 instatura,
1215 4466 1299 4512 dubius
1320 4463 1375 4511 tuos
1399 4478 1430 4509 ou
1443 4458 1536 4526 sontes·

1099 4547 1173 4600 poor.

1037 4610 1152 4660 Mentor
1161 4614 1221 4659 riom
1230 4610 1257 4658 in
1267 4610 1340 4659 MSS.
1351 4617 1389 4657 est
1400 4606 1465 4676 opud
1474 4605 1536 4655 Nos·

1036 4692 1099 4734 trum
1109 4682 1213 4734 Remed.
1227 4684 1284 4733 177.
1303 4684 1395 4734 Bosrr.
