3600 5925
455 669 520 734 464
747 668 787 733 Ρ.
801 611 973 733 ὈἮΠΙῙ
998 665 1206 737 NASONIS

456 842 544 916 Sive
561 842 687 940 placet
703 839 847 930 Minos;
876 841 999 915 nullus
1016 855 1203 941 quaeratur
1219 846 1377 937 adulter3

506 957 593 1031 Sive
610 956 730 1032 virum
746 955 1018 1043 mavisfullere,
1036 957 1228 1033 falleriro.
1413 968 1488 1036 310

457 1072 503 1144 ln
520 1095 652 1146 nemus
669 1083 708 1146 et
724 1072 841 1146 saltus
857 1072 1021 1146 thalamo
1039 1073 1166 1170 regina
1183 1076 1309 1150 relicto

506 1186 650 1275 Fertur,
669 1197 711 1261 ut
727 1187 848 1261 Aonio
865 1188 1013 1261 concita
1030 1186 1183 1263 Baccha
1200 1190 1297 1264 Deo.

454 1301 515 1376 Ab
532 1303 680 1400 quoties
696 1325 849 1376 vaccam
866 1302 970 1376 vultu
985 1305 1168 1400 spectarit
1185 1305 1323 1403 iniquo,

504 1417 554 1491 Et
569 1419 678 1506 dixit,
698 1418 861 1493 Domino
877 1442 944 1492 cur
961 1419 1085 1517 placet
1102 1420 1174 1493 ista
1191 1422 1289 1495 meo!

453 1532 630 1632 Adspice,
650 1545 692 1608 ut
708 1545 796 1608 ante
812 1534 937 1633 ipsum
954 1534 1090 1608 teneris
1108 1536 1272 1610 exsultet
1287 1536 1325 1608 in
1338 1536 1479 1612 herbis:

502 1648 539 1722 N
541 1674 585 1724 eo
602 1650 747 1736 dubito,
760 1650 857 1748 quin
874 1671 917 1722 se
934 1649 1049 1749 stulta
1064 1649 1197 1724 decere
1214 1661 1332 1749 putet.
1408 1657 1482 1726 310

454 1763 578 1856 Dixit3
606 1776 646 1841 et
661 1764 802 1862 ingenti
815 1763 1038 1862 Jamdudum
1054 1764 1102 1837 de
1119 1788 1232 1862 grege
1248 1765 1334 1839 duci

499 1882 523 1957 J
526 1884 637 1973 ussit;
665 1893 704 1958 et
721 1882 943 1956 immeritam
960 1880 1030 1953 sub
1044 1882 1136 1977 juga
1152 1881 1276 1979 penda
1292 1882 1404 1956 trabi:

450 1999 529 2074 Aut
544 2001 679 2075 cadere
696 2009 783 2074 ante
801 2022 883 2073 aras
900 2007 1185 2094 commentaque
1202 2020 1308 2072 sacra
1323 1997 1461 2094 coegit:

502 2114 552 2188 Et
568 2115 689 2190 tenuit
705 2114 791 2189 laett
806 2112 952 2212 pellicis
969 2122 1058 2187 exta
1074 2135 1197 2185 manu.
1407 2117 1483 2185 320

451 2230 654 2304 Pellicibus
672 2231 819 2326 quoties
836 2228 1000 2327 placavit
1012 2228 1162 2303 numina
1177 2227 1300 2301 caesis:

497 2344 625 2442 Atque
642 2345 705 2431 ait,
726 2355 815 2418 exta
831 2355 976 2432 teneus
996 2344 1068 2432 Ite,
1087 2346 1229 2444 placete
1245 2345 1344 2417 meo!

451 2460 499 2534 Et
515 2460 628 2533 modo
644 2484 686 2534 se
705 2458 880 2557 Europen
896 2459 990 2546 fieri,
1008 2460 1119 2533 modo
1137 2459 1299 2559 postulat
1316 2457 1379 2532 lii:

497 2575 628 2650 Altera
644 2576 745 2674 quod
763 2577 833 2650 bos
849 2587 926 2665 est;
955 2576 1072 2650 altera
1087 2586 1193 2650 vecta
1208 2576 1314 2648 bove.

450 2690 558 2767 Hauc
574 2703 701 2767 tamen
718 2691 897 2790 implevit,
911 2693 1027 2765 vaces
1040 2692 1221 2789 deceptus
1238 2692 1388 2775 acerna,
1405 2693 1479 2762 325

499 2807 589 2881 Dux
605 2807 746 2905 gregis:
775 2816 815 2902 et
831 2817 939 2905 partu
957 2806 1124 2905 proditus
1142 2815 1270 2880 auctor
1287 2815 1377 2880 erat.

448 2922 587 2999 Cressa
602 2924 793 3022 Thyesteo
810 2924 842 2998 si
860 2947 900 2997 se
918 2922 1160 2997 abstinuisset
1176 2944 1319 3009 amore3

494 3041 548 3137 (Ο
567 3052 749 3138 quantum
766 3052 836 3128 est,
855 3041 918 3114 uui
936 3063 1046 3138 posse
1064 3038 1211 3136 placere
1227 3037 1338 3131 virol)

447 3153 483 3225 N
485 3180 533 3228 on
551 3156 714 3229 medium
732 3157 990 3255 rupisset'iter,
1009 3176 1194 3250 curruque
1213 3162 1348 3227 retorto

494 3268 676 3344 Auroram
693 3272 808 3346 versis
827 3271 995 3347 Phoebus
1013 3270 1152 3346 adisset
1169 3268 1288 3366 equis.
1406 3272 1480 3340 330

476 3534 532 3582 315.
551 3532 668 3596 Errabat]
688 3531 781 3582 Esulm
790 3532 886 3582 meliora
896 3550 937 3583 ex·
987 3535 1037 3584 vid.
1048 3533 1150 3599 Scipion.
1161 3532 1253 3582 Gentil.
1263 3532 1295 3580 sd
1305 3529 1401 3596 Apulcj.
1411 3529 1479 3595 Apol.

443 3604 565 3669 emplaria.
576 3615 600 3654 et
610 3621 673 3661 mox,
682 3608 738 3669 quin
748 3622 770 3655 ss
778 3608 851 3655 stulto
860 3609 939 3656 dooere
988 3609 1035 3657 No.
1045 3609 1099 3657 506.
1108 3609 1193 3668 plocets
1203 3608 1251 3654 ciro
1260 3605 1308 3654 duo
1319 3603 1409 3669 scripti,

442 3679 679 3740 puret,nouplnccro.
712 3679 802 3727 Herus.
1019 3683 1076 3730 327.
1097 3678 1196 3743 Cressa]
1227 3679 1327 3742 AErope:
1353 3674 1478 3742 Apollodo-

476 3753 532 3800 313.
548 3754 597 3802 Sub
604 3756 668 3816 jugo
683 3769 755 3801 curun
768 3753 850 3816 trabi]
873 3753 938 3817 Jrsgs
987 3770 1027 3804 rus
1042 3762 1067 3802 et
1086 3753 1185 3802 Ovidius
1201 3752 1225 3801 in
1241 3750 1366 3807 Tristibus,
1383 3749 1437 3812 (lib.
1454 3749 1481 3796 ri.

442 3828 518 3885 pondo
528 3826 605 3891 prima
614 3826 687 3875 editio
697 3841 752 3875 cum
759 3827 937 3893 quatuorscrip·
987 3826 1057 3887 391.)
1069 3836 1094 3875 et
1103 3828 1192 3875 Seneca
1202 3825 1226 3873 in
1236 3825 1348 3889 Thyeste.
1380 3823 1450 3871 Cror.

442 3897 480 3947 tis.
497 3914 550 3964 quar
569 3913 614 3947 vox
632 3897 657 3946 in
673 3897 765 3949 deliciis
785 3910 821 3949 est
841 3900 936 3950 Nostro.
1018 3898 1274 3961 33013111111111011]
1301 3893 1477 3964 1111111111(εῶ-

443 3970 532 4020 Hsrss.
985 3972 1136 4022 demntolim
1146 3970 1241 4028 Veneri.
1255 3968 1339 4019 deiude
1355 3967 1479 4032 Micyllus,

474 4046 532 4094 310.
545 4045 811 4111 Gommsntocnerocro]
835 4047 936 4095 Mentire
986 4046 1154 4103 Burmannus,
1174 4043 1312 4094 Vincentius
1331 4051 1355 4091 et
1373 4040 1479 4091 Plautio.

441 4116 564 4166 Palatinus
574 4134 634 4166 unus
644 4128 669 4167 et
678 4118 772 4183 Aprosii
786 4136 827 4184 pro
842 4120 936 4169 diversa
985 4119 1048 4184 qnod
1059 4129 1084 4168 et
1094 4119 1119 4167 in
1135 4119 1239 4184 quinque
1255 4115 1374 4167 codicibus
1390 4124 1478 4164 exstat

441 4190 549 4239 lectione.
565 4188 614 4238 vid.
629 4191 677 4256 Ep.
694 4191 727 4239 xi.
738 4192 778 4240 73.
790 4192 859 4241 etin.
870 4193 934 4241 Met.
984 4191 1120 4254 Sedropm
1135 4194 1180 4240 iter
1196 4191 1261 4240 alind
1277 4198 1349 4245 notat,
1363 4203 1392 4236 uo
1409 4189 1479 4252 po‘e'ta

441 4264 481 4310 36.
502 4264 707 4329 Douzaarplicul,
717 4276 745 4314 ut
760 4265 886 4316 indictivus
900 4268 933 4316 le·
984 4265 1067 4313 voluit.
1086 4268 1149 4327 rupit
1166 4268 1210 4312 iter
1226 4264 1270 4319 sol,
1286 4262 1311 4310 id
1327 4270 1364 4311 est
1374 4277 1390 4309 a
1400 4260 1478 4309 medio

440 4335 495 4389 rins,
508 4352 567 4399 quus
577 4339 629 4400 ipsu
638 4337 683 4386 sibi
694 4349 827 4388 commenta
836 4349 894 4389 erat
984 4355 1053 4388 cursu
1063 4339 1093 4387 ad
1104 4348 1181 4387 ortum
1191 4337 1271 4386 rediit.
1278 4337 1340 4385 bene
1349 4350 1403 4384 vero
1412 4332 1479 4382 addit

473 4406 530 4453 322.
543 4408 603 4455 Esto
613 4412 714 4472 renem]
734 4411 856 4476 Repressit
866 4413 934 4462 Grae·
983 4416 1088 4468 molium,
1101 4414 1159 4477 quia
1169 4416 1213 4461 iter
1223 4427 1327 4473 rrumpere
1337 4409 1409 4459 etium
1419 4406 1478 4455 dici·

438 4491 501 4533 cnm,
517 4482 615 4541 κρατεῖν
630 4484 660 4530 τὰ
676 4483 823 4549 σπλάγχνα.
840 4485 870 4534 de
887 4502 934 4549 quo
983 4498 1020 4537 rur
1030 4485 1060 4535 de
1070 4485 1161 4536 difficili
1172 4487 1219 4541 via,
1231 4501 1287 4535 cum
1297 4482 1414 4534 obstantia
1423 4497 1490 4547 pec·
