3600 5925
478 849 543 912 100
769 846 809 910 P.
832 841 995 911 OVIDII
1018 839 1229 907 NASONIS

481 1020 518 1093 N
520 1044 564 1094 ec
581 1030 622 1093 tu
640 1018 742 1092 mille
759 1027 860 1091 rates
878 1017 1106 1111 sinuosaque
1123 1013 1207 1087 vela
1223 1011 1385 1111 pararis3

531 1134 567 1208 N
570 1160 614 1210 ec
632 1158 806 1210 numeros
824 1132 947 1207 Danai
964 1131 1112 1205 militis:
1141 1130 1223 1227 ipse
1239 1127 1336 1202 reni.

480 1254 545 1326 Sic
577 1276 731 1350 quoque
765 1275 867 1325 eram
901 1248 1106 1347 repetenda
1134 1257 1285 1320 tamen:
1314 1265 1384 1316 nec
1413 1250 1522 1337 turpe

530 1369 677 1468 Aspera
694 1393 761 1468 pro
779 1392 866 1442 caro
882 1367 984 1440 bella
999 1365 1131 1439 tulisse
1148 1372 1242 1435 toro.
1374 1356 1522 1453 [marito

481 1484 611 1570 Quid?
638 1486 740 1584 quod
758 1510 848 1559 avus
866 1483 975 1558 nobis
993 1482 1093 1554 idem
1111 1479 1314 1576 Pelopeius
1333 1471 1469 1547 Atreus
1484 1498 1494 1559 ;

531 1600 583 1674 Et
598 1601 630 1674 si
648 1625 723 1674 non
740 1624 844 1674 esses
862 1599 917 1671 sir
933 1596 1036 1682 mihi,
1055 1595 1168 1669 frater
1185 1617 1279 1668 eras.

480 1714 559 1802 Vir,
578 1738 721 1813 precor,
741 1715 861 1801 uxori,
879 1712 992 1787 frater
1009 1735 1185 1784 succurre
1202 1709 1338 1783 sorori:

531 1829 679 1904 Instant
695 1829 816 1903 officio
835 1828 986 1902 nomina
1000 1827 1091 1900 bina
1106 1835 1185 1901 tuo.
1473 1824 1523 1893 30

481 1944 548 2019 Me
565 1945 633 2019 tibi
651 1944 883 2044 Tyndareos,
902 1942 979 2016 vita
995 1941 1116 2038 gravis
1135 1952 1264 2014 auctor
1280 1950 1320 2014 et
1336 1938 1454 2024 annis,

530 2058 720 2134 Tradidit:
749 2058 943 2133 arbitrium
960 2056 1084 2154 neptis
1102 2056 1266 2130 habebat
1283 2079 1384 2129 avus.

479 2374 544 2423 enim
554 2372 647 2438 proprie
657 2382 694 2420 est
708 2370 797 2420 desidis
811 2380 835 2419 et
848 2369 940 2427 inertis,
951 2378 978 2418 ut
1028 2367 1092 2434 quod
1108 2370 1146 2418 vel
1164 2367 1289 2434 παρέλκει,
1299 2378 1326 2418 ut
1342 2385 1406 2435 sepe
1421 2368 1489 2426 solet,
1498 2378 1523 2418 et

479 2447 551 2512 vulgo
562 2444 718 2494 notissimum.
735 2455 760 2494 et
776 2445 811 2494 itt
821 2444 937 2509 Virgilius
953 2443 978 2492 in
1027 2443 1113 2492 millies
1124 2459 1139 2492 a
1154 2443 1210 2492 viris
1225 2442 1302 2492 doctis
1318 2442 1469 2502 adnotatum
1485 2442 1523 2492 vel

480 2518 553 2570 nostri
562 2518 748 2570 oudilonem
758 2518 832 2568 utitur
841 2518 878 2567 iii.
889 2518 977 2582 Georg.
1028 2515 1067 2566 hic
1088 2516 1135 2565 rim
1156 2532 1223 2565 susm
1243 2517 1324 2574 hebet,
1343 2525 1371 2566 ut
1391 2516 1478 2573 velest,
1497 2516 1522 2566 in

480 2594 530 2643 466
1027 2605 1106 2639 meam
1117 2591 1225 2656 gretiam,
1236 2599 1264 2640 ut
1277 2606 1316 2640 me
1330 2589 1437 2640 vindices
1446 2606 1460 2639 a
1469 2607 1521 2656 rsp-

511 2626 611 2715 -L-Et
631 2668 725 2715 meliors
745 2666 804 2714 Deos
822 2667 882 2714 tsdet
903 2668 978 2714 omnia
1028 2673 1085 2721 tore,
1107 2665 1307 2731 quemadmodum
1327 2665 1455 2715 Menelaus
1471 2666 1521 2714 He·

541 2757 640 2803 pum
1027 2739 1088 2787 lene
1099 2738 1259 2788 mumslecit.
1281 2739 1382 2787 nun.

480 2816 567 2880 Neque
584 2814 663 2864 minus
676 2821 801 2863 venustate
817 2829 860 2863 sun
872 2829 898 2863 se
914 2829 978 2862 eom·
1061 2814 1104 2861 2⁴.
1123 2812 1171 2861 Nec
1187 2829 1307 2861 ιιιιιιισιιιιι
1324 2813 1404 2862 Danai
1419 2811 1522 2876 militis]

478 2889 577 2940 mendst
586 2889 658 2956 Regii
668 2889 773 2938 unisset
783 2887 909 2938 Heinsieni
919 2887 979 2937 slte-
1030 2885 1141 2935 Numeros
1150 2886 1293 2943 Putesneos,
1304 2886 1490 2953 Gottorphisnus
1499 2896 1525 2936 et

478 2964 621 3016 riusleetio:
1028 2960 1207 3011 Ambrosianus.
1239 2961 1274 3013 sic
1300 2966 1391 3012 numeri
1417 2965 1525 3012 militans

512 3039 538 3087 δι’
553 3042 724 3104 »resignarat
741 3039 813 3086 viduo
827 3038 937 3100 plorasset
952 3039 978 3085 iu
1028 3036 1123 3101 psssim.
1161 3036 1260 3085 Numeri
1291 3035 1383 3086 Grecis
1414 3039 1524 3102 σπεῖραι.

544 3113 610 3161 aula.
1027 3110 1219 3176 Tbeophylsctus
1235 3110 1260 3160 in
1272 3111 1337 3160 Acta
1346 3109 1523 3177 Apostolum:

479 3185 524 3235 ms
544 3193 624 3234 nutem
643 3183 753 3233 sdlnsum
775 3183 807 3233 sd
823 3182 892 3241 illud,
915 3182 980 3248 qnod
1031 3183 1126 3249 Σπιῖρά
1142 3184 1235 3234 ἐστινὸ
1251 3186 1378 3250 καλοῦμεν
1394 3187 1442 3235 νῦν
1457 3184 1523 3234 Nod-

479 3256 582 3324 graviter
589 3257 715 3308 Sallustius
724 3257 820 3308 extulit.
848 3256 923 3307 Cutil.
936 3258 979 3307 tt.
1028 3276 1113 3324 μιρον.
1133 3258 1246 3323 Sequenti
1256 3275 1325 3307 versu
1333 3260 1368 3309 'fl
1378 3269 1409 3307 stt
1420 3258 1526 3307 meliores

480 3334 534 3382 Non
544 3336 600 3383 uotis
615 3349 686 3396 sequa
701 3334 818 3395 suppliciis
833 3333 980 3381 molubribut
1029 3348 1076 3381 non
1086 3341 1225 3396 agnoscam.
1243 3332 1377 3381 Hmssros.
1398 3332 1459 3381 Vide
1470 3332 1526 3381 Iin-

478 3409 567 3456 sullis
591 3408 685 3455 deorum
704 3415 830 3468 parantur,
853 3407 979 3470 vigilando,
1029 3405 1526 3456 denbr.adAmmisn.1llsroel.xiv.7.et

479 3481 574 3546 agenda
583 3480 637 3526 less
645 3479 782 3527 eomlsndo
790 3494 894 3541 prospers
904 3482 980 3528 omnio
1028 3477 1137 3529 Torreat.
1149 3479 1179 3528 sd
1190 3480 1257 3529 Suet.
1267 3481 1369 3546 vespas.
1381 3479 1415 3529 vi.
1431 3495 1461 3529 ne
1470 3494 1526 3529 reso

479 3555 572 3609 edunt,
583 3552 630 3601 &a
650 3550 708 3600 Vid.
718 3559 742 3600 et
753 3550 806 3601 Lis.
817 3565 875 3601 xxv.
887 3554 928 3601 tt.
944 3551 979 3602 sic
1029 3553 1084 3618 quis
1093 3552 1187 3602 dubitet
1204 3552 1250 3603 hoc
1266 3570 1336 3603 sensu
1348 3554 1400 3620 jam
1414 3569 1465 3602 evo
1474 3553 1524 3602 Nn·

478 3624 788 3677 arnsteinensem.
1028 3625 1091 3675 sonis
1117 3643 1219 3675 numos
1244 3626 1321 3676 dictos
1344 3643 1404 3684 esse,
1430 3627 1464 3676 its
1488 3626 1524 3676 iii.

512 3699 978 3765 Nostertaurlliustflm,Msltllus,olt.
1028 3700 1086 3749 Am.
1097 3702 1123 3750 9.

479 3775 512 3824 m
526 3790 580 3841 que
590 3773 678 3840 passim
689 3774 741 3839 ejus
750 3773 842 3839 generis
853 3773 917 3840 tpud
929 3789 979 3822 om·
1061 3775 1153 3822 Auxisti
1162 3790 1268 3824 nmmos
1278 3777 1341 3825 sults
1350 3774 1439 3825 Tibulle
1446 3778 1502 3839 piot.

479 3864 522 3900 nes
528 3848 637 3899 nordstos
642 3847 767 3914 scriptores
774 3856 908 3897 monent
915 3847 980 3897 idem
1028 3846 1077 3896 Sed
1086 3856 1112 3896 et
1121 3864 1163 3913 pro
1173 3847 1327 3898 multitudine
1336 3865 1404 3915 posse
1414 3849 1467 3915 oapi
1479 3864 1527 3898 nos

479 3938 562 3973 sensus
571 3921 678 3972 eveniret
687 3920 791 3979 certe,si
807 3925 916 3971 sertim
926 3937 979 3987 pos-
1029 3936 1099 3985 nego,
1110 3930 1137 3969 ut
1147 3924 1237 3971 numeri
1247 3924 1358 3972 labem.
1370 3922 1411 3973 vii.
1426 3924 1488 3972 Met.
1499 3924 1527 3973 8.

478 4005 515 4046 set
528 4004 601 4046 stare.
624 4010 680 4045 nam
696 3994 794 4044 Terent.
811 3994 884 4044 Adel.
903 3995 939 4045 ir.
955 3999 981 4048 6.
1030 3993 1146 4044 ubivide.
1179 3996 1270 4045 Bonis.

479 4068 553 4119 dixit:
567 4069 677 4119 credetur
687 4070 808 4119 samona
818 4070 865 4118 lose
876 4071 918 4118 titi
927 4086 980 4118 cos·
1062 4069 1103 4118 28.
1115 4068 1222 4134 Fruun]
1240 4068 1271 4118 Id
1282 4079 1328 4127 est,
1338 4070 1460 4136 pstmelis.
1472 4083 1528 4119 nem

470 4143 578 4210 fsoturos
588 4143 656 4193 Deos.
673 4142 716 4193 sed
731 4141 846 4192 muliebre
856 4143 935 4208 magis
944 4152 982 4193 est
1031 4141 1107 4190 inhoc
1114 4142 1247 4207 signillostu
1254 4159 1317 4209 sepe
1324 4144 1419 4209 ponitur
1426 4142 1529 4193 etlrster

477 4215 578 4282 plonre.
607 4215 724 4274 Quinctil.
736 4215 809 4267 Deel.
819 4217 878 4266 tta.
904 4216 979 4266 rm.
1030 4224 1056 4264 et
1065 4231 1137 4265 soror.
1169 4215 1344 4283 SicAjss.18.
1360 4217 1528 4284 Metam-ver.

478 4303 516 4341 trs
535 4291 674 4353 plorabimus
694 4291 756 4351 opud
769 4292 874 4352 judices.
908 4293 979 4342 Butt-
1031 4291 1073 4339 31.

481 4380 595 4414 nessus.
1063 4364 1215 4414 —Frster
1224 4362 1394 4429 srst,srstsms
1401 4374 1462 4426 peto.

511 4438 553 4485 2¹3.
583 4436 636 4484 Nem
658 4446 684 4484 tu
706 4439 769 4487 mille
790 4438 872 4502 rates]
903 4440 981 4490 Valde
1031 4439 1159 4489 Etdeinde
1169 4454 1218 4489 ver.
1230 4439 1272 4488 41.

477 4507 599 4559 blanditor
614 4509 726 4559 Vossisni
742 4511 831 4561 codicis
849 4513 929 4571 lectio,
939 4532 982 4568 sec
1066 4514 1112 4562 Nos
1123 4515 1260 4570 intumult,
1271 4523 1293 4562 et
1310 4516 1373 4563 dosis
1387 4515 1530 4578 patruelibus

478 4585 534 4633 stilti
544 4583 687 4639 millsrsta,
702 4584 749 4634 tro.
764 4593 803 4636 est
818 4586 882 4635 enim
894 4604 982 4637 venus·
1096 4589 1153 4636 orbi.

478 4669 516 4709 tes
533 4655 643 4723 quedem
661 4656 686 4707 in
699 4656 741 4705 illo
755 4658 899 4722 prenomine
918 4663 981 4714 mili.
