3600 5925
615 744 876 811 HEROIDES.
899 744 970 809 ΕΡ.
994 744 1098 810 XVI.

1302 744 1380 809 ,213

336 921 424 995 Non
442 920 616 995 dabimus
629 930 735 992 eerte
754 941 925 990 socerum
942 917 1024 1003 tibi,
1043 916 1143 989 clara
1160 915 1351 1013 fugantem

386 1037 562 1124 Lumina;
583 1035 649 1132 qui
667 1033 834 1130 trepidos
853 1056 876 1106 a
892 1033 990 1131 dape
1007 1041 1128 1105 vertat
1144 1056 1276 1128 equos.
1303 1035 1376 1103 206

335 1151 372 1225 N
376 1176 419 1225 ec
437 1161 545 1249 pater
562 1161 620 1223 est
639 1148 790 1220 Priamo
807 1147 928 1221 soceri
945 1148 993 1219 de
1011 1147 1115 1220 caede
1133 1157 1331 1232 eruentus3
1426 1152 1436 1165 '

387 1265 438 1341 Et
456 1266 520 1363 qui
539 1264 712 1363 Myrtoas
730 1264 884 1337 crimine
903 1264 1027 1361 signet
1044 1286 1176 1360 aquas.

337 1381 420 1455 Nec
437 1404 576 1480 proavo
596 1378 732 1476 Stygia
749 1389 874 1452 nostro
891 1389 1091 1477 captantur
1108 1379 1146 1449 in
1164 1377 1266 1449 unda

386 1496 518 1581 Poma,
533 1494 655 1568 necin
669 1493 802 1567 mediis
818 1489 997 1591 quaeritur
1013 1495 1145 1566 humor
1158 1493 1279 1589 aquis.
1303 1496 1378 1564 210

335 1609 438 1694 Quid
456 1620 582 1683 tamen
600 1609 670 1682 hoe
689 1608 813 1694 refert,
833 1609 865 1681 si
882 1619 921 1682 te
938 1619 1044 1682 tenet
1060 1617 1163 1681 ortus
1180 1608 1228 1680 ab
1247 1607 1341 1679 illis?

388 1724 547 1820 Cogitur
563 1724 651 1796 huie
668 1723 796 1797 domui
813 1719 963 1821 Jupiter
980 1748 1065 1796 esse
1083 1746 1202 1796 socer.

338 1837 424 1912 Heu
442 1837 606 1912 facinus!
634 1837 723 1910 totis
741 1837 917 1932 indignus
935 1838 1108 1912 noctibus
1126 1836 1189 1911 ille

387 1951 442 2026 Te
459 1962 583 2038 tenet;
611 1950 789 2048 amplexu
805 1950 1084 2050 perfruiturque
1101 1963 1178 2026 tuo.

337 2068 390 2141 At
402 2068 492 2140 mihi
506 2067 735 2164 conspiceris
753 2068 877 2165 posita
888 2068 952 2140 vix
965 2069 1130 2164 denique
1144 2090 1286 2141 mensa.
1305 2070 1379 2138 215

386 2181 597 2279 Multaque,
613 2206 698 2278 quae
716 2182 868 2268 laedant,
888 2181 959 2255 hoc
974 2205 1127 2278 quoque
1145 2192 1295 2278 tempus
1312 2180 1378 2252 ha-

337 2295 520 2370 Hostibus
538 2298 711 2371 eveniant
728 2297 898 2371 convivia
914 2297 1005 2369 talia
1021 2295 1169 2382 uostris,

1283 2295 1375 2389 [bet.

386 2413 572 2511 Experior
588 2415 711 2513 posito
730 2414 858 2511 qualia
874 2436 977 2510 saepe
994 2435 1109 2486 mero.

334 2771 399 2835 m]
417 2772 450 2821 Et
465 2775 533 2822 ιιιιιιίι
542 2772 679 2822 Putemeus
689 2782 714 2822 et
724 2772 767 2822 elii
779 2774 832 2839 qui·

335 2846 402 2896 dem.
412 2845 442 2895 (le
453 2846 523 2895 armis
534 2855 617 2911 postea
626 2856 721 2910 egetur:

370 2919 421 2969 Noc
437 2921 490 2984 plor
512 2921 603 2970 Atrida
622 2922 694 2969 animi
716 2919 836 2969 Merulam

435 2996 533 3051 halem,

404 3067 479 3122 Quam
496 3068 567 3116 Paria
575 3085 584 3125 ,·
601 3077 643 3116 eut
661 3068 731 3116 orrrir
746 3065 835 3132 ωαψ-

432 3144 517 3191 rondur
525 3144 580 3190 m't.
709 3140 801 3189 Herus.

337 3213 545 3272 francofurtensis,
585 3213 745 3263 uranicum
776 3213 834 3270 duo,

337 3287 427 3337 noum
443 3298 468 3338 et
483 3288 577 3355 aliquot
594 3287 644 3345 elii,
654 3289 758 3346 collatur,
770 3295 798 3336 ut
810 3295 835 3336 et

337 3360 574 3428 editionuquodem
590 3372 690 3419 veteres,
700 3361 765 3428 quod
782 3378 835 3411 nes·

336 3433 375 3483 rio
386 3450 417 3482 en
427 3442 515 3484 temere
526 3433 708 3501 repudiandum.
726 3443 790 3484 certe
806 3432 834 3484 ii.

338 3507 423 3556 Amor.
433 3509 492 3557 xvii
505 3512 543 3559 1³.
560 3510 634 3559 dixit:

373 3581 486 3631 auum
495 3586 581 3633 idcireo
590 3586 632 3633 rili
645 3600 679 3633 m
694 3595 836 3634 munnere

336 3728 399 3777 Stet.
413 3728 456 3778 vii.
468 3730 526 3778 7³4.
544 3732 652 3795 quamvis
669 3732 777 3798 paullum
787 3731 835 3780 elia

337 3802 523 3868 tigaifieetiom:

385 3878 498 3928 —Fat
506 3889 529 3928 et
538 3881 593 3928 milti
603 3895 708 3942 perime
719 3878 834 3935 Plroelum,

372 3951 398 4000 Si
406 3955 448 4002 tili
457 3955 555 4003 collatur
567 3954 654 4002 Divom
663 3961 733 4000 rator.

340 4024 389 4074 Ubi
398 4036 471 4084 notet,
480 4026 524 4076 tibi
532 4033 682 4091 comparetus
691 4020 799 4073 certavit.
808 4025 834 4072 iu

338 4102 406 4148 arnis
414 4116 468 4149 vero
478 4099 548 4149 multi
558 4088 663 4148 codices.
697 4097 786 4146 Βυιιιι.

371 4173 428 4222 205.
446 4173 495 4221 Tm·
512 4175 577 4222 olore
585 4169 736 4237 jugam]
762 4169 835 4217 Fren-

339 4244 391 4297 eim
400 4250 566 4306 tentabamus
576 4248 664 4303 Plelo,
675 4246 722 4303 vel,
734 4246 836 4295 Plelo«.

342 4319 413 4370 Claro
419 4323 546 4389 sugentem
556 4323 630 4370 ridere
640 4320 731 4369 lovem
749 4327 774 4368 et
787 4319 835 4367 Pe·

373 4467 431 4515 206.
459 4467 507 4520 Qui
528 4467 624 4529 trepidos
644 4483 659 4513 a
679 4468 735 4529 depo
760 4474 835 4515 vertat

338 4541 426 4605 mo]
455 4541 528 4606 vero,
549 4543 588 4589 „r
606 4542 702 4602 troo
721 4541 759 4589 sot
779 4543 836 4604 aar«

885 2785 960 2825 uertat
970 2791 1044 2839 equor.
1066 2774 1122 2821 Non
1133 2771 1196 2821 enim
1207 2770 1318 2837 exprimit
1327 2771 1380 2819 vul·

885 2858 942 2912 gata
952 2848 1075 2913 scriptura,
1085 2847 1155 2911 eujus
1165 2845 1221 2910 equi
1231 2861 1246 2892 a
1256 2844 1318 2908 depe
1329 2860 1380 2892 ver·

884 2928 975 2970 tantur.
1009 2922 1074 2970 Nota
1092 2927 1129 2968 est
1148 2918 1238 2968 fabula.
1275 2917 1380 2983 Propert.

885 2994 922 3043 iii.
933 2996 975 3042 21.

920 3068 973 3116 Non
981 3067 1050 3132 sugis
1061 3069 1181 3122 Ausonios,
1194 3065 1276 3114 Plelo
1282 3064 1379 3130 fugate,

950 3144 1026 3203 dapes.
1258 3139 1349 3188 Hmus.

888 3214 936 3264 Νιι
947 3219 1024 3265 nemu
1035 3217 1146 3263 Ausonias
1160 3223 1196 3263 est
1212 3213 1236 3261 in
1248 3213 1379 3279 Propertio.

886 3304 918 3337 ιιιι
926 3289 1026 3339 voluerit
1038 3289 1072 3337 ita
1083 3287 1140 3352 legi,
1152 3304 1183 3336 an
1192 3289 1304 3337 memorie
1314 3287 1381 3337 lelel·

884 3361 947 3419 lerit,
957 3362 1047 3411 nescio.

918 3438 938 3484 A
949 3435 1030 3498 depo]
1050 3434 1073 3482 A
1083 3433 1191 3483 convivio
1203 3450 1246 3482 suo
1255 3434 1379 3483 scelerato.

885 3509 953 3558 Dicit
961 3526 1030 3574 ergo:
1042 3510 1098 3557 Non
1108 3507 1171 3557 dabo
1178 3507 1222 3556 tibi
1233 3507 1305 3557 talem
1314 3524 1380 3558 soce-

885 3599 946 3641 rum,
956 3583 1034 3648 qualis
1047 3582 1094 3631 luit
1108 3582 1203 3637 Atreus.
1214 3580 1255 3644 qui
1266 3580 1381 3630 humanm

884 3655 959 3722 depes
969 3657 1034 3706 fratri
1045 3665 1157 3721 apponet.

916 3732 975 3780 207.
998 3731 1047 3779 Nec
1063 3738 1129 3792 pater
1143 3728 1199 3792 ert]
1226 3727 1255 3775 ld
1274 3734 1319 3782 est,
1336 3742 1380 3774 nec

883 3813 951 3870 pater
977 3803 1074 3859 Priami,
1095 3817 1154 3851 avus
1179 3817 1254 3857 mem,
1274 3814 1381 3848 socerum

883 3894 953 3927 mum
960 3878 1086 3933 interiecit,
1095 3874 1157 3924 sicut
1164 3877 1251 3941 Pelops
1259 3875 1380 3923 avutMe·

884 3950 957 3999 nelei.

916 4025 975 4071 2000
995 4022 1024 4070 Et
1035 4025 1074 4085 qui
1087 4020 1213 4085 Myrtoum]
1232 4019 1262 4067 ld
1272 4028 1317 4076 est,
1328 4021 1381 4070 Nec

884 4094 994 4145 dabimus
1010 4111 1090 4152 avum,
1101 4094 1143 4159 qui
1160 4094 1265 4159 aliquem
1281 4093 1306 4142 iu
1316 4109 1380 4143 mare

886 4168 1083 4235 praeminuerit:
1109 4168 1171 4217 sieut
1191 4168 1279 4234 Pelops
1295 4168 1382 4234 Myrti-

884 4242 936 4291 lum
956 4242 1062 4307 aurigam
1083 4241 1257 4308 Hippodamia,
1279 4258 1327 4309 quo
1346 4244 1380 4293 se·

886 4327 956 4368 vente
966 4333 1021 4366 eam
1030 4316 1127 4373 vicerat,
1137 4315 1163 4364 in
1173 4332 1237 4366 mare
1247 4318 1380 4384 pmcipita·

886 4391 929 4449 rit,
939 4408 955 4440 a
964 4407 1012 4457 quo
1020 4407 1084 4440 mere
1094 4391 1216 4455 Myrtoum
1224 4391 1314 4440 dietum
1323 4401 1369 4442 est.

918 4468 976 4516 209.
995 4465 1043 4515 Nor
1059 4465 1165 4529 praem]
1183 4465 1297 4516 Tantalus
1309 4483 1378 4532 proe-

885 4558 930 4591 vrrs
939 4539 1047 4589 Menelai
1057 4549 1081 4589 et
1094 4539 1188 4605 Pelopis
1196 4548 1272 4605 pater.
