3600 5925
565 775 777 850 monum
810 774 901 844 mn.
926 776 995 846 111.
1017 780 1049 844 t.
1082 858 1088 867 ‚
1279 783 1345 854 tot

613 1030 618 1036 ’
648 1033 875 1109 ELEGIA
903 1031 971 1108 1V.

300 1184 402 1260 Dure
420 1187 486 1272 vir,
505 1185 680 1284 imposito
696 1197 835 1259 tenerae
852 1183 1011 1258 custode
1028 1184 1176 1282 puellae,

347 1301 412 1375 Nil
429 1303 521 1400 agis.
550 1301 699 1398 ingenio
716 1324 878 1400 quaeque
893 1300 1036 1375 tuenda
1052 1325 1133 1374 suo.

298 1416 338 1490 Si
358 1442 435 1516 qua
447 1429 549 1493 metu
559 1419 687 1493 demto
701 1428 806 1492 casta
818 1425 894 1504 est;
915 1440 962 1489 ea
971 1416 1136 1513 denique
1147 1427 1252 1490 casta
1262 1430 1335 1493 est:

346 1532 456 1621 Quae,
475 1536 656 1633 quianon
674 1535 797 1618 liceat,
818 1556 892 1605 non
910 1530 1011 1617 facit,
1031 1531 1095 1605 illa
1111 1530 1212 1606 facit.

298 1647 352 1722 Ut
363 1651 444 1746 jam
461 1651 618 1726 servaris
635 1651 732 1725 bene
746 1673 899 1748 corpus;
920 1648 1090 1722 adultera
1098 1670 1205 1721 mens
1218 1661 1294 1724 est:
1314 1655 1337 1724 5

346 1762 382 1836 N
385 1790 429 1840 ec
446 1767 638 1854 custodiri,
657 1766 695 1840 ni
711 1764 812 1851 velit,
830 1764 896 1838 illa
912 1774 1050 1862 potest.

296 1878 379 1954 Nec
395 1894 561 1957 mentem
579 1905 725 1956 servare
743 1891 864 1978 potes,
884 1879 973 1954 licet
989 1880 1115 1952 omnia
1131 1879 1299 1954 claudas.

347 1995 534 2070 Omnibus
552 1997 713 2071 occlusis
731 1995 831 2069 intus
849 1995 997 2069 adulter
1012 1996 1094 2069 erit.

295 2109 369 2183 Cui
387 2135 545 2209 peceare
563 2112 663 2198 licet,
682 2121 817 2210 peccat
833 2111 970 2184 minus.
998 2111 1082 2211 ipsa
1099 2123 1265 2210 potestas

345 2225 499 2301 Semina
515 2228 692 2325 nequitiae
710 2227 943 2323 languidiora
959 2226 1060 2301 facit.
1292 2233 1337 2300 lo

294 2338 435 2418 Desine
453 2344 582 2440 (crede
600 2344 708 2437 mihi)
725 2344 816 2417 vitia
832 2344 975 2418 irritare
992 2345 1170 2419 vetando:

343 2457 541 2557 Obsequio
555 2460 683 2534 vincas
701 2457 825 2557 aptius
843 2458 909 2534 illa
925 2470 1002 2533 tuo.

294 2569 380 2646 Vidi
398 2598 470 2671 ego
487 2599 607 2674 nuper
618 2597 772 2673 equum,
787 2584 919 2650 contra
932 2599 1002 2649 sua
1013 2575 1135 2649 vincla
1148 2586 1331 2662 tenacem,

344 2688 420 2765 Ore
438 2691 636 2766 reluctanti
653 2691 817 2765 fulminis
835 2692 888 2765 ire
908 2690 1033 2763 modo.

293 2803 485 2894 Constitit,
504 2821 546 2881 ut
563 2808 724 2905 primum
741 2830 942 2882 concessas
960 2807 1078 2880 sensit
1087 2807 1267 2895 habenas,
1289 2813 1333 2886 l5

343 2919 540 3020 Frenaque
557 2923 595 2997 in
612 2922 732 2999 effusa
750 2922 837 2997 laxa
848 2925 977 3021 jacere
990 2922 1100 3021 juba.

293 3035 457 3111 Nitimur
474 3038 512 3110 in
529 3038 684 3112 vetitum
702 3061 863 3137 semper,
882 3039 1133 3137 cupimusque
1151 3050 1299 3135 negata.

342 3151 406 3225 Sic
425 3152 632 3227 interdictis
650 3152 818 3226 imminet
835 3175 936 3249 oeger
953 3156 1073 3251 aquis.

291 3268 455 3344 Centum
472 3269 593 3344 fronte
610 3270 750 3357 oculos,
769 3281 923 3343 eentum
940 3271 1085 3344 cervice
1103 3271 1259 3368 gerebat

340 3384 482 3482 Argus:
511 3387 635 3460 ethos
653 3411 749 3460 uuus
767 3410 869 3485 saepe
887 3385 1020 3462 fefellit
1037 3388 1164 3463 Amor.
1283 3393 1332 3461 20

291 3499 336 3572 ln
353 3501 559 3575 thalamum
577 3501 707 3577 Danae
724 3527 817 3577 saxo
835 3503 1009 3602 ferroque
1027 3528 1230 3603 perennem

340 3616 433 3701 Quae
448 3616 569 3692 fuerat
584 3621 687 3717 virgo
704 3620 852 3707 tradita,
872 3633 992 3697 mater
1008 3632 1100 3696 erat.

289 3731 481 3833 Penelope
499 3737 648 3823 mansit,
668 3738 838 3833 quamvis
855 3739 1012 3813 custode
1030 3739 1194 3822 carebat,

337 3850 441 3926 Inter
458 3862 514 3926 tot
526 3855 684 3950 juvenes
702 3853 922 3929 intemerata
939 3879 1087 3953 procos.

320 4087 343 4133 l·
355 4084 583 4150 Imilmwlt]
601 4087 781 4149 Amt'wwle·
830 4097 867 4145 elo
879 4096 987 4145 meliores
1003 4112 1084 4145 omnes
1099 4104 1170 4144 recte.
1178 4094 1254 4159 frenc
1270 4093 1329 4143 alte·

285 4159 326 4208 bet
336 4159 457 4210 aneius.
471 4160 515 4209 ted
528 4159 585 4210 licet
601 4176 649 4209 non
664 4161 783 4212 obviarit
830 4169 879 4219 rius
899 4170 1132 4235 interpretamentum
1152 4177 1196 4226 est,
1216 4166 1280 4232 quod
1304 4178 1328 4218 et

284 4231 380 4289 locum,
389 4248 431 4298 pro
441 4233 690 4300 prepositnpraeteeto
698 4252 781 4300 regen.
830 4242 1008 4308 nossequitur.
1024 4242 1115 4291 Hans.

283 4303 781 4366 daurorbitatutnenrtrbumbocmmi
866 4315 952 4365 16.1ιι
973 4316 1046 4382 effutit
1074 4317 1127 4364 loto
1141 4318 1221 4377 jacen
1239 4315 1325 4380 jobd]

284 4378 354 4429 dotet
370 4380 453 4430 Barth.
463 4381 494 4430 ud
503 4383 563 4432 Stat,
574 4386 608 4432 vi.
618 4383 695 4435 Theb.
704 4386 777 4450 321]
829 4389 929 4439 Mollim
938 4389 982 4439 erit
992 4388 1124 4445 cumeani
1134 4396 1201 4438 utest
1209 4388 1234 4438 in
1244 4403 1327 4438 manu·

283 4453 374 4502 Butrt.
828 4462 1281 4530 scriptit,sffiunsjubat‚idsstcrines‚
1293 4463 1326 4513 le·

318 4528 358 4576 1³.
371 4528 457 4577 Contra
467 4529 585 4594 tussiens
596 4536 717 4600 tenum]
735 4536 779 4586 Le·
828 4538 940 4602 gerimus.
960 4539 1073 4589 Murus.

282 4601 573 4667 gituretiumtttcvt'acln
591 4606 704 4661 Mettus.
724 4609 778 4661 Vt'n·
861 4612 904 4662 2⁴.
920 4612 985 4665 luter
1005 4625 1051 4663 tunt
1071 4614 1174 4678 nultos]
1207 4613 1273 4663 tuter
1295 4623 1325 4660 tot

1001 4695 1079 4746 nat
