3600 5925
816 773 933 836 VITA.
1341 778 1394 839 xiii

397 940 534 1025 Scripsit
558 949 591 1005 et
612 938 766 1006 Medeam
787 938 990 1024 tragoediam,
1013 938 1055 1003 de
1077 960 1142 1023 quo
1163 939 1299 1004 maxime
1320 951 1353 1004 et
1376 965 1396 1005 s

355 1040 584 1119 Quinctilium,
596 1052 632 1107 et
644 1063 665 1105 a
679 1038 830 1107 Comello
840 1041 959 1107 Tsoito
972 1039 1120 1106 laudatus
1135 1053 1193 1106 est.
1239 1041 1297 1106 Ait
1311 1043 1396 1108 enim

354 1142 492 1209 Fabius:
516 1143 658 1208 “Ovidii
679 1142 802 1208 Medea
822 1143 974 1220 ostendit,
995 1153 1150 1228 quantum
1170 1143 1219 1207 vir
1239 1142 1292 1208 ille
1313 1165 1398 1228 prae·

353 1253 439 1316 sture
454 1245 609 1330 potierit,
629 1244 657 1308 si
677 1243 808 1329 ingenio
827 1265 886 1309 suo
908 1254 1099 1329 temperare,
1117 1266 1218 1328 quom·
1229 1243 1398 1329 indukere

333 1381 336 1386 ·
354 1345 545 1413 maluisset.”
588 1345 719 1411 Summo
733 1347 830 1412 etiam
844 1368 918 1413 eum
932 1346 1030 1412 fluisse
1041 1345 1165 1430 judicio
1184 1347 1325 1412 ostendit
1340 1347 1398 1412 Se·

354 1468 435 1514 neco
455 1447 541 1513 inii.
566 1447 854 1526 Declamationum,
876 1448 922 1513 sic
941 1447 1108 1533 inquiens:
1138 1447 1320 1534 “Rogatus
1341 1447 1398 1513 uli-

355 1549 485 1634 quundo
504 1551 547 1615 ub
568 1551 677 1616 smicis
695 1552 772 1630 suis,
787 1560 825 1616 ut
842 1548 969 1616 tolleret
987 1560 1054 1615 tres
1072 1572 1194 1627 versus,
1215 1549 1330 1635 petivit
1350 1550 1396 1613 in-

355 1651 466 1729 vicem,
480 1662 518 1716 ut
536 1660 603 1716 tres
621 1652 799 1737 exciperet,
816 1651 851 1716 iu
870 1673 953 1736 quos
970 1649 1033 1714 illis
1048 1649 1128 1715 nihil
1145 1650 1266 1717 liceret.
1313 1649 1398 1715 Con·

355 1752 549 1838 seripserunt
562 1751 620 1830 illi,
636 1774 719 1838 quos
738 1750 807 1818 tolli
820 1749 950 1828 vellent,
965 1761 1110 1829 seoret03
1131 1750 1196 1829 hio,
1211 1773 1292 1836 quos
1311 1762 1398 1815 tutos

322 1911 328 1926 ,
355 1874 427 1918 esse
440 1852 545 1919 vellet.
589 1852 630 1918 ln
644 1853 790 1937 utn'sque
809 1850 964 1917 codicillis
982 1851 1079 1916 iidem
1093 1873 1204 1916 versus
1217 1862 1318 1917 eruut.
1343 1851 1399 1915 Ex

356 1954 474 2038 quibus
487 1954 624 2041 primum
643 1953 741 2018 fluisse
761 1953 914 2018 nomobst
929 1949 1150 2017 Albinovanus
1165 1951 1268 2031 Pedo,
1283 1953 1339 2037 qui
1353 1953 1399 2017 in·

356 2065 408 2122 ter
421 2056 559 2122 arbitros
572 2053 653 2120 fuit:

434 2258 671 2336 sensuumque
684 2257 788 2326 virum,
801 2254 1024 2333 semivitumque
1037 2257 1145 2316 bovem

358 2461 544 2530 Settmdum
554 2486 562 2525 z

437 2664 596 2743 Egelidum
609 2664 733 2734 Boreum
745 2662 946 2744 egelidumque
959 2664 992 2723 N
992 2674 1081 2725 otum.

359 2866 415 2933 Ex
429 2889 495 2953 quo
509 2876 657 2954 suppuret,
672 2869 785 2933 nummi
798 2869 919 2955 ingenii
931 2871 1000 2935 viro
1014 2891 1080 2936 non
1089 2869 1246 2954 judicium
1260 2868 1400 2935 defiiisse

359 2971 402 3036 ud
423 2969 689 3057 compescendum
712 2968 873 3037 licentiam
893 2973 1069 3039 carminum
1093 2993 1233 3051 suorum,
1256 2972 1314 3037 sed
1335 2974 1402 3037 ani·

358 3093 455 3137 mum.
500 3070 622 3137 Aiebat
640 3071 725 3137 enim
744 3072 961 3138 decentiorem
979 3095 1050 3139 esse
1069 3072 1242 3152 faciemus
1261 3096 1327 3159 quo
1345 3072 1401 3138 uli-

358 3173 432 3259 quis
444 3195 554 3239 nsevus
567 3173 716 3241 inesset.”

401 3275 457 3341 De
471 3274 594 3342 Medea
611 3275 772 3361 tragoedis
792 3277 862 3361 ipse
881 3276 928 3341 sio
942 3276 1083 3341 meminit
1097 3277 1240 3342 secundo
1255 3277 1297 3342 de
1311 3274 1401 3340 Tris·

438 3592 482 3654 Et
494 3592 626 3654 dedimus
637 3593 754 3673 tragicis
766 3595 905 3675 scriptum
917 3594 1015 3674 regalo
1027 3595 1191 3655 cothurnis:

477 3686 609 3768 Quoque
620 3688 716 3766 penis
729 3687 814 3749 dehet
826 3689 915 3749 verbe
926 3689 1083 3749 cothurnus
1095 3688 1191 3748 hebet

403 3878 593 3965 Composuit
612 3889 647 3944 et
665 3877 782 3949 librum
800 3879 834 3945 in
852 3879 952 3946 melos
971 3880 1096 3966 politus,
1116 3880 1173 3965 qui
1192 3900 1257 3943 non
1275 3887 1401 3956 exstut3

360 3980 437 4047 item
450 3981 485 4045 in
497 3979 612 4046 exsilio
623 3979 805 4066 Epistolom
814 3981 1058 4049 consolatorium
1068 3983 1112 4048 sd
1127 3982 1251 4047 Liviam
1261 3978 1403 4066 Augusti

360 4083 404 4149 de
425 4080 535 4149 Morte
550 4082 672 4163 Drusi3
695 4083 738 4150 de
758 4083 923 4150 Tristibus
944 4086 1040 4151 mum
1058 4083 1157 4150 libros
1176 4084 1338 4168 quinque3
1360 4082 1402 4146 de

363 4181 468 4249 Ponto
489 4182 589 4250 libros
609 4194 768 4270 quotuor3
789 4186 830 4279 in
853 4184 947 4263 lbin;
975 4185 1145 4250 Fastorum
1164 4183 1263 4250 libros
1282 4184 1336 4248 xii.
1360 4206 1402 4248 ex

361 4285 478 4369 quibsu
499 4307 557 4351 sex
585 4296 709 4353 tuntum
730 4287 774 4353 sd
794 4297 906 4353 nostru
930 4298 1078 4373 temporo
1097 4296 1331 4372 peeveneruntz
1360 4285 1402 4348 de

363 4387 479 4472 quibu
492 4388 539 4454 sic
551 4387 621 4473 ipse
635 4387 668 4452 ii.
685 4388 726 4454 de
741 4387 842 4454 Trist.
