3600 5925
467 834 512 898 os
759 829 1218 944 P.0vyn11stssouls
1288 780 1293 788 ⁸

469 1004 636 1102 Pyrrhus
654 1003 873 1091 Achillides,
893 1004 1082 1078 animosus
1100 1003 1262 1100 imagine
1280 1002 1406 1100 patris,

493 1162 498 1169 ·
518 1117 707 1194 Inclusam
724 1133 855 1193 contra
865 1122 1006 1216 jusque
1023 1120 1204 1217 piumque
1220 1129 1336 1192 tenet.

378 1256 381 1260 ’
468 1231 580 1317 Quod
598 1235 716 1333 potui,
735 1234 861 1323 renui;
891 1259 938 1307 ne
957 1258 1031 1307 non
1050 1234 1165 1308 invita
1180 1245 1348 1321 tenerer3
1484 1235 1507 1303 5

517 1348 658 1425 Cetera
672 1351 842 1424 temineae
860 1374 935 1422 non
952 1351 1100 1424 valuere
1113 1376 1258 1425 manus.

468 1463 570 1549 Quid
587 1466 692 1554 saciS,
710 1467 891 1541 AEacidel
919 1491 994 1539 non
1011 1491 1095 1539 sum
1113 1468 1193 1541 sine
1211 1467 1369 1553 vindice,
1387 1466 1489 1540 dixi:

518 1579 614 1657 Haec
630 1584 699 1659 tibi
716 1584 787 1658 sub
805 1583 969 1669 domin0,
989 1582 1147 1681 Pyrrhe,
1167 1582 1293 1681 puella
1309 1607 1377 1655 suo
1394 1593 1464 1656 est.

470 1698 625 1772 Surdior
641 1700 704 1773 ille
721 1699 815 1774 freto
832 1699 1057 1772 clamantem
1074 1722 1210 1772 nomen
1230 1697 1376 1772 Orestae

518 1813 649 1890 Traxit
665 1817 843 1891 inornatis
860 1815 899 1889 in
916 1838 986 1889 sua
1001 1824 1103 1889 tecta
1118 1814 1249 1889 comis.
1463 1818 1507 1886 10

467 2132 584 2189 omnibus,
598 2149 657 2198 quos
675 2133 733 2191 ridi,
750 2133 816 2184 libris
830 2149 903 2182 manu
921 2133 964 2182 de·
1014 2148 1066 2181 sum
1078 2132 1129 2197 ejus
1140 2130 1241 2181 nominis
1253 2130 1345 2180 meliori
1360 2147 1411 2179 evo
1425 2130 1507 2180 effere-

466 2207 559 2272 scriptis
575 2208 650 2265 abest,
663 2207 709 2257 nisi
725 2208 790 2273 quod
806 2208 832 2256 in
848 2224 895 2261 uno
911 2223 965 2256 meo
1013 2207 1081 2256 bant.
1100 2205 1145 2256 nisi
1158 2206 1222 2271 quod
1229 2204 1363 2255 Priscianus
1373 2215 1438 2254 notet
1446 2205 1507 2254 libro

466 2279 566 2344 mnrgini
574 2290 610 2329 cst
620 2281 747 2346 adjectum,
757 2283 884 2348 etquidem
891 2298 964 2331 manu
1013 2291 1088 2338 sexto,
1100 2281 1238 2331 Ciceronem
1248 2290 1273 2331 et
1284 2278 1421 2329 Sallustium
1434 2279 1508 2328 semel

466 2353 599 2402 recentiori.
635 2354 737 2404 Videtur
757 2365 837 2406 autem
857 2356 964 2422 ejusdem
1015 2352 1508 2404 Oratisocsusecundoenuntissse.0mti

467 2428 886 2495 notaeesse,cumiisversibns,quos
896 2430 964 2479 initio
1013 2437 1049 2477 est
1067 2428 1131 2494 apud
1148 2427 1214 2478 Gall.
1232 2427 1276 2476 lib.
1288 2444 1323 2475 ιιι
1339 2441 1394 2491 cap.
1406 2426 1445 2474 10.
1476 2425 1508 2474 In

466 2500 579 2567 Epistola
594 2502 699 2552 OEoones
713 2512 738 2552 et
752 2504 831 2553 Didiis
845 2512 926 2553 extare
938 2504 964 2553 in
1013 2502 1082 2552 Ibide
1093 2501 1236 2567 exscriptis:

467 2575 586 2624 nonnullis
595 2574 661 2625 libris
671 2578 813 2627 monuimus.
845 2578 936 2628 Herus.
1054 2577 1128 2642 thue
1150 2578 1324 2642 Agamemnonio
1342 2575 1427 2622 urtam
1444 2574 1507 2621 dedit

499 2649 523 2696 3.
534 2650 691 2714 Achilleidos]
704 2651 743 2701 De
750 2652 840 2717 Pyrrho
846 2663 872 2702 et
877 2654 963 2703 Oreste
1077 2653 1160 2715 anguls
1172 2649 1264 2698 Orata.

465 2720 583 2787 videque
594 2739 623 2772 ex
631 2724 728 2791 Hygino
737 2725 763 2773 in
773 2726 828 2774 Ibin
836 2726 963 2776 adnotabo.
1013 2725 1118 2780 Orestes,
1129 2725 1230 2772 Oreste.
1255 2722 1379 2793 Thyestes,
1387 2720 1506 2785 l'nyestn.

466 2794 571 2860 Pyrrhus
582 2805 662 2846 autem
672 2798 751 2847 dictus
767 2809 803 2847 ost
813 2815 828 2848 a
837 2800 910 2865 patris
926 2801 963 2849 sni
1013 2799 1136 2855 Gerioues,
1146 2797 1266 2848 Gerionre.
1284 2794 1395 2860 Pylades,
1401 2794 1507 2858 Pyltdss·

466 2868 570 2926 nomine,
579 2870 621 2935 qni
631 2871 720 2920 cumin
729 2872 802 2936 Scyro
814 2873 875 2921 inter
884 2874 962 2939 Lyco-
1012 2873 1100 2921 Noster
1115 2872 1187 2921 Pont.
1204 2870 1248 2920 lib.
1267 2868 1292 2918 ii.
1312 2869 1383 2933 Eleg.
1400 2868 1436 2916 iii.
1452 2882 1507 2916 cum

466 2943 611 3010 medisregis
621 2944 682 2995 filias
690 2946 783 3004 lateret,
792 2947 882 3014 Pyrrha
892 2964 962 2997 voca-
1011 2947 1100 3012 optimo
1110 2945 1207 2996 codice:

465 3017 545 3068 batur.
589 3019 679 3069 Auctor
696 3020 760 3069 idem
779 3021 889 3086 Hyginus
909 3038 962 3088 cap.
1028 3020 1114 3086 Adfuit
1122 3024 1201 3068 insono
1202 3020 1297 3082 jamin
1307 3018 1407 3066 Phoceus
1415 3017 1507 3065 Oreste.

466 3093 529 3142 xcvi.
541 3102 567 3143 et
576 3094 647 3143 xcvii.
664 3094 802 3145 Csorsuus.
838 3098 963 3146 Achillides
1012 3093 1075 3143 Hinc
1089 3103 1115 3144 et
1133 3095 1213 3142 Oresta
1228 3108 1275 3141 non
1290 3092 1363 3142 semel
1383 3093 1408 3139 in
1424 3090 1507 3156 quinto

464 3165 526 3214 beno
543 3166 678 3216 Puteanens
694 3167 741 3225 hic,
752 3178 779 3218 ut
789 3179 813 3219 et
823 3169 892 3219 Ibide
903 3172 961 3220 301.
1012 3183 1068 3217 casn
1087 3168 1150 3234 apud
1171 3168 1292 3217 Nostrum.
1326 3166 1360 3214 At
1378 3163 1507 3213 Puuvinns

465 3239 499 3288 sic
515 3240 728 3306 AtridssAEg-ides,
745 3244 843 3301 Pelides,
860 3244 961 3302 Belides,
1010 3241 1071 3290 liber
1087 3242 1160 3291 hebet
1175 3241 1350 3290 nomcnOrssti.
1382 3237 1507 3297 Quomodo

466 3311 584 3370 Plinides,
594 3314 705 3372 Thess'dcs.
716 3316 860 3375 Dricnt'ulss,
869 3318 961 3367 Prome·

465 3386 544 3442 thides,
555 3388 655 3446 OEm'drs,
667 3392 846 3454 Amplioroidss,
856 3400 881 3441 et
896 3391 961 3441 simi·

463 3459 497 3509 lia
505 3461 568 3526 apud
578 3461 701 3512 Nostrum.
733 3465 825 3515 Hmus.

498 3535 639 3599 Animosa]
658 3537 697 3585 Ita
713 3538 807 3602 egregie
822 3538 848 3586 in
865 3554 960 3588 menam

463 3606 542 3672 prodit
562 3608 627 3674 opud
644 3609 759 3660 Senecam
778 3611 804 3660 iu
825 3612 912 3661 Trocd.
934 3630 959 3661 v.

464 3682 522 3729 210.
534 3690 559 3730 et
568 3698 637 3749 seqq.

496 3756 521 3803 4.
533 3754 620 3819 Jurpue
628 3757 757 3822 pinosus]
769 3758 814 3807 Est
823 3758 886 3808 idern
896 3758 960 3824 quod

456 3831 500 3891 jas
508 3830 589 3895 etsas.
608 3830 665 3879 vid.
676 3832 708 3880 ad
718 3832 813 3881 Petron.
824 3832 889 3881 cviii.

496 3906 520 3952 6.
538 3902 605 3958 Quat
621 3905 709 3967 potui]
730 3905 803 3959 Quom
818 3908 884 3967 potui
900 3905 960 3954 ulter

463 3976 959 4042 Mentslianus,prodiversalectione,cum

462 4051 548 4115 glossa,
559 4052 584 4100 id
595 4061 631 4102 est
640 4062 759 4116 pontum.
781 4052 821 4101 adi
831 4061 898 4102 notas
909 4053 958 4102 Re·

462 4124 527 4175 tned.
544 4125 628 4174 Amor.
645 4128 740 4176 um.
764 4126 891 4193 Gottorph.
905 4144 957 4191 pun.

462 4198 522 4249 alius
538 4217 590 4263 pao·
616 4201 748 4251 Harusrus.
786 4200 854 4250 Nihil
874 4211 958 4262 muta3

461 4287 517 4321 nam
524 4289 593 4339 nque
600 4277 661 4324 bene
669 4285 693 4324 et
701 4276 822 4340 eleganter
828 4278 886 4339 quod
892 4278 959 4336 potui

462 4346 563 4395 dicitur:
579 4349 615 4396 ita
623 4349 718 4398 Terent.
731 4350 843 4400 Eunuch.
854 4346 881 4398 ii.
896 4351 919 4398 1.
930 4351 956 4399 9.

462 4420 550 4467 Bonas.

493 4493 519 4540 9.
539 4492 679 4543 Clamoutsm
692 4514 770 4546 nomeu
782 4497 889 4561 Orestis]
910 4497 958 4546 Pu·

461 4567 674 4624 teanctrsOrertes.
708 4570 772 4634 Iege
792 4571 884 4620 Oreste.
909 4587 957 4620 non

461 4638 524 4688 enim
535 4640 603 4689 aliter
619 4643 749 4692 secundnm
764 4645 906 4708 tertiumque
916 4660 956 4693 ca-

1011 3315 1154 3372 Priscinnm,
1168 3315 1255 3371 Bootes,
1266 3313 1350 3370 Boou,
1360 3321 1385 3361 et
1401 3313 1465 3361 Booti
1475 3327 1506 3360 ex

1011 3388 1132 3439 Ciceronis
1150 3388 1246 3439 Arateis
1263 3396 1338 3444 notat,
1355 3395 1383 3436 ut
1400 3385 1505 3451 Ulysses,

1011 3462 1100 3527 Ulyssi,
1111 3472 1136 3513 et
1146 3463 1241 3513 similia.
1273 3462 1361 3511 Noster
1370 3461 1394 3510 in
1405 3460 1471 3509 Ibin:

1042 3541 1168 3586 —sit
1178 3539 1237 3601 qaod
1246 3537 1343 3598 Pelopea
1355 3535 1462 3598 Tbyeste.

1011 3608 1085 3658 Bouto
1106 3610 1170 3676 apud
1191 3611 1304 3658 Nostrum
1323 3608 1426 3657 secundo
1449 3622 1504 3656 mu

1010 3683 1097 3748 passim
1111 3683 1220 3733 occurrit.
1241 3683 1305 3750 opud
1321 3682 1439 3731 Aviennm
1453 3681 1504 3729 De·

1009 3757 1135 3823 scriptione
1162 3757 1234 3806 Orbis
1260 3757 1337 3806 Βοσείι
1362 3756 1505 3820 frequenter.

1010 3831 1058 3880 vid.
1066 3832 1173 3882 Servium
1181 3831 1212 3881 ad
1220 3831 1290 3897 virg.
1300 3830 1395 3880 AEneid.
1403 3829 1505 3879 otest„

1009 3904 1101 3954 Herus.

1043 3981 1083 4028 10.
1113 3979 1214 4042 Prosit]
1245 3978 1328 4028 Iludit
1354 3975 1505 4033 Basileeusis,

1008 4053 1071 4103 unde
1089 4052 1202 4102 Heinsius
1214 4051 1271 4101 olisn
1287 4052 1390 4102 faciebat
1410 4050 1504 4099 Tradit.

1008 4146 1052 4195 ego
1062 4129 1120 4177 nibil
1131 4138 1206 4177 muto.
1228 4129 1338 4177 estenim
1354 4128 1504 4191 elegansop-

1007 4202 1091 4267 positio
1102 4201 1198 4250 violenti
1208 4209 1296 4268 raptus,
1307 4208 1332 4250 et
1344 4199 1445 4265 placide
1461 4197 1505 4248 de·

1007 4276 1124 4325 ductionis
1134 4291 1235 4341 masa.
1253 4290 1324 4339 quarn
1333 4272 1419 4322 ducere
1429 4271 1505 4320 debe·

1006 4351 1048 4400 bot
1058 4360 1164 4399 ornatam
1180 4359 1204 4398 et
1218 4358 1333 4414 comptam
1344 4346 1412 4410 (vide
1423 4344 1504 4410 Epist.

1007 4425 1041 4473 ὶι.
1056 4425 1110 4473 125.
1129 4422 1307 4472 etxii.156.et
1323 4419 1392 4482 alibi)
1406 4435 1460 4469 earn
1479 4420 1505 4467 vi

1007 4497 1078 4547 traxit
1088 4496 1201 4546 inornatis
1217 4495 1317 4561 capillis.
1334 4494 1360 4543 in
1375 4510 1417 4542 stro
1427 4504 1504 4542 costra

1006 4571 1078 4621 etiarn
1088 4570 1210 4620 venustius
1220 4569 1392 4619 Gronovianus.
1415 4567 1505 4617 Bussr.
1548 4591 1553 4596 ·
