3600 5925
535 756 677 823 ARTIS
700 751 968 820 AMATORIAE
990 751 1080 817 LIB.
1104 752 1133 817 Ι.
1294 754 1358 818 457

321 931 480 1005 Saucius
497 928 690 1027 ingemuit,
709 928 901 1024 telumque
918 925 1067 1000 volatile
1084 926 1222 999 sensit:

371 1045 421 1119 Et
434 1070 520 1145 pars
538 1044 698 1144 spectati
715 1043 878 1117 muneris
896 1043 978 1140 ipse
995 1040 1077 1114 fuit.
1288 1046 1358 1114 170

321 1161 446 1246 Quid?
472 1162 582 1236 modo
600 1185 687 1235 cum
703 1159 792 1234 belli
810 1158 950 1233 navalis
960 1155 1129 1253 imagine
1148 1153 1278 1229 Caesar

372 1275 547 1353 Persidas
566 1276 713 1350 induxit
731 1274 1036 1373 Cecropidasque
1054 1272 1178 1346 rates?

323 1390 470 1491 Nempe
488 1392 536 1466 ab
549 1402 708 1489 utroque
721 1390 813 1463 mari
826 1392 996 1487 juvenes,
1012 1388 1060 1461 ab
1075 1396 1234 1483 utroque
1251 1388 1356 1485 puel-

371 1506 532 1582 Vendre:
561 1516 676 1606 utque
693 1507 824 1603 ingens
841 1504 942 1578 orbis
959 1503 997 1575 in
1017 1500 1121 1576 Urbe
1138 1500 1219 1575 fuit.
1295 1501 1358 1596 [lae

323 1620 417 1707 Quis
435 1647 509 1696 non
527 1621 676 1708 invenit,
694 1621 806 1696 turbu
825 1620 927 1718 quod
945 1627 1087 1693 amaret
1102 1618 1140 1690 in
1158 1616 1249 1690 inat
1290 1620 1358 1689 175

373 1737 493 1824 Eheu,
512 1761 626 1836 quam
644 1738 780 1812 multos
798 1738 942 1811 advena
956 1734 1065 1810 torsit
1081 1733 1217 1806 Amor!

325 1850 551 1952 Eeceparat
566 1853 695 1927 Caesar
711 1852 864 1939 domito,
883 1850 987 1949 quod
1005 1847 1135 1933 defuit,
1153 1848 1233 1921 orbi

373 1967 536 2043 Addere.
564 1992 675 2055 nune,
696 1966 831 2042 Oriens
849 1967 990 2052 ultime,
1010 1975 1136 2038 noster
1151 1964 1237 2037 eris.

324 2080 476 2170 Parthe,
495 2083 603 2157 dabis
621 2106 771 2183 poenas:
801 2081 930 2155 Crassi
947 2079 1107 2177 gaudete
1125 2077 1274 2176 sepulti,

376 2195 568 2296 Signaque
582 2196 795 2271 barbaricas
808 2219 882 2269 non
895 2195 992 2269 bene
1005 2217 1117 2294 passa
1129 2215 1274 2265 manus.
1291 2197 1360 2266 180

326 2308 436 2385 Ultor
452 2312 576 2399 adest;
597 2310 802 2409 primisque
815 2309 951 2383 ducem
969 2309 1161 2406 profitetur
1179 2308 1216 2380 in
1229 2307 1357 2381 armis:

377 2424 560 2526 Bellaque
577 2450 652 2500 uon
669 2448 785 2523 puero
801 2434 938 2499 tractat
954 2424 1101 2523 agenda
1116 2446 1221 2521 puer.

326 2538 476 2614 Parcite
492 2540 647 2627 natales,
665 2536 799 2627 timidi,
818 2563 1012 2615 numerare
1031 2538 1218 2613 Deorum:

377 2653 591 2730 Oaesaribus
608 2656 723 2730 virtus
741 2656 898 2753 contigit
916 2665 1002 2729 ante
1018 2654 1131 2728 diem.

327 2766 524 2865 Ingenium
540 2771 694 2844 coeleste
711 2769 788 2843 suis
805 2770 969 2844 velocius
986 2768 1093 2842 annis
1292 2772 1360 2841 185

378 2883 526 2982 Surgit3
555 2894 595 2960 et
611 2883 753 2981 ignarae
770 2882 842 2959 fert
858 2884 956 2960 male
973 2884 1109 2959 damna
1126 2906 1251 2957 morae.

327 3220 468 3288 seripserunt
488 3218 533 3271 hoe
547 3218 682 3287 plenissime
701 3219 820 3273 illustrsn-
869 3220 966 3285 quando
975 3222 1026 3288 ipse
1036 3219 1173 3270 Armeuism
1188 3218 1307 3286 proiectus
1318 3228 1363 3275 est,

326 3303 372 3344 tes.
403 3294 821 3353 Raeuvemnmmomuviw
869 3293 895 3344 id
911 3296 976 3361 quod
996 3295 1065 3361 longe
1086 3304 1142 3345 snte
1160 3306 1257 3344 mortem
1271 3293 1364 3359 Csjist

327 3367 375 3419 lere
384 3383 469 3417 msuus
478 3368 543 3432 tsngi
558 3367 620 3419 inter
629 3368 821 3427 concertationes,
870 3368 938 3419 Lucii
953 3369 1042 3418 iactum
1052 3378 1098 3426 est,
1111 3369 1186 3418 Caessr
1195 3368 1244 3418 dici
1260 3368 1363 3417 nondum

326 3441 414 3505 quibus
426 3439 562 3506 suomioues
574 3451 631 3491 rstsr
648 3458 699 3493 esse
715 3442 820 3493 indican-
869 3443 981 3510 potuerit.
1014 3444 1116 3501 Deinde,
1136 3443 1201 3509 quod
1220 3452 1246 3492 et
1265 3458 1363 3508 puerum

327 3524 375 3565 tur.
410 3515 498 3564 Bonis.
869 3526 954 3568 vocat:
971 3532 1019 3584 quo
1030 3517 1123 3567 nomine
1132 3517 1255 3573 immerito,
1262 3525 1289 3565 ut
1298 3525 1364 3581 puto.

361 3589 417 3638 170.
436 3588 468 3637 Et
484 3605 539 3652 μη
553 3591 647 3653 spwuti
660 3591 762 3640 mlum·
776 3591 821 3653 ipss
868 3591 977 3642 'liberius
986 3599 1116 3650 voosretur,
1126 3591 1169 3657 qui
1182 3591 1231 3656 Jsm
1248 3604 1318 3654 suprs
1329 3590 1364 3638 vi·

320 3662 399 3727 suit]
418 3662 509 3727 Regius
520 3662 761 3713 etOsouiensiseum
772 3664 821 3713 1¹11·
869 3664 930 3729 giuti
949 3664 1027 3715 etatis
1047 3680 1120 3714 nuos
1143 3663 1289 3729 impleverat,
1308 3677 1363 3710 cum

326 3735 413 3803 serptis
428 3735 543 3803 Scsliqeri
559 3751 587 3787 so
603 3735 713 3794 Putesui,
728 3740 821 3799 Μαι·
869 3738 990 3804 expeditio
996 3737 1261 3804 Syriscssusciperetur.
1268 3736 1364 3785 Mrcsu.

327 3811 435 3859 sium
458 3809 562 3876 egregie,
580 3820 608 3860 ut
621 3810 673 3876 jam
692 3809 771 3860 monui
790 3811 821 3860 sd
905 3814 960 3862 179.
982 3812 1058 3861 Crassi
1077 3815 1176 3877 goudsts
1193 3809 1299 3873 senaim]
1320 3811 1363 3861 vi-

326 3882 493 3940 Clsudiennm,
511 3883 555 3933 lib.
573 3883 601 3933 ii.
618 3883 644 3932 in
661 3881 744 3932 Rufio.
760 3899 821 3934 rem.
870 3886 975 3935 (lendum
992 3902 1023 3936 sn
1036 3885 1127 3936 veritati
1143 3884 1275 3941 conveniat,
1292 3894 1317 3933 st
1332 3899 1363 3933 sn

326 3957 385 4006 396.
401 3956 513 4021 iutelligit
527 3955 591 4006 enim
604 3972 690 4006 munus
706 3955 820 4022 gladiato·
870 3972 917 4006 uon
927 3957 1015 4013 Crassi,
1031 3957 1151 4008 sPurthis
1166 3957 1229 4014 cesi,
1240 3956 1364 4023 sepulchro

327 4029 398 4079 rium.
430 4030 522 4080 Hsrrrs.
870 4031 998 4081 caruerint.
1014 4030 1168 4080 certeVsler.
1178 4029 1312 4079 Mmivi.
1325 4030 1363 4078 ll.

362 4104 417 4152 m.
434 4102 568 4166 seems
579 4102 821 4169 camanum
872 4104 1363 4169 mammetem-emam.

327 4178 403 4242 defuit
428 4179 477 4226 ordi
497 4177 556 4242 sito]
594 4177 633 4226 De
655 4176 715 4244 Csjo
738 4179 821 4243 magis,
870 4181 979 4227 douram
989 4189 1070 4235 urum,
1084 4179 1320 4242 solenseruvsssrque
1330 4180 1364 4226 ls-

328 4266 401 4316 qusm
420 4251 452 4300 de
468 4250 562 4300 Tiberio
582 4249 761 4315 intelligendum
776 4252 821 4303 hoe
871 4255 972 4301 niotitm
981 4255 1098 4316 objecturus.
1109 4252 1176 4309 torte,
1185 4251 1260 4300 Crassi
1266 4254 1365 4315 gaudete

328 4324 382 4373 loco
388 4333 413 4373 st
422 4324 576 4388 sequentibus
583 4324 821 4391 viderunpropsem
871 4327 904 4375 iis
921 4328 975 4375 ulti.
991 4336 1018 4376 ut
1035 4324 1136 4391 primum
1151 4341 1167 4374 s
1182 4324 1305 4380 Ventidio,
1322 4325 1363 4390 qui

329 4397 394 4462 quod
412 4397 528 4456 Tiberius,
552 4398 626 4448 Lucio
646 4406 671 4448 et
694 4398 754 4464 Cujo
770 4399 822 4466 jsm
871 4400 952 4450 clades
961 4399 1041 4450 intulit
1048 4399 1149 4457 Psrthis,
1160 4414 1222 4449 nunc
1232 4398 1364 4463 abdugus·

329 4469 433 4526 momnis,
448 4469 473 4519 in
483 4470 604 4522 Casurum
617 4471 731 4522 familiam
746 4471 821 4537 adop·
871 4481 896 4523 to
909 4473 1037 4523 vindictam
1055 4483 1156 4522 sumlsm
1172 4472 1269 4522 indicet.
1290 4481 1315 4522 et
1332 4472 1364 4521 its

330 4551 394 4594 tstus
408 4542 502 4596 demum
514 4544 571 4597 tuis:
589 4556 616 4597 ut
629 4563 672 4614 pes
685 4545 711 4596 id
722 4556 822 4614 tempus.
871 4555 935 4597 recte
945 4545 1033 4603 subdit,
1043 4547 1106 4595 ultor
1116 4550 1187 4596 adest.
1222 4546 1311 4597 Bous.
