3600 5925
586 715 801 799 snorum
823 732 915 799 nm.
942 729 1066 800 [ηό.
1166 823 1169 830 ¹
1227 723 1235 736 ‘
1288 739 1354 804 roo

312 904 352 980 Sl
370 908 485 1006 sapis,
504 907 656 1003 indulge
673 907 853 996 dominae;
877 907 1084 1005 >vultusque
1102 923 1251 986 severos

359 1022 507 1098 Exsue:
536 1046 606 1096 nec
624 1022 732 1118 rigidi
745 1021 833 1119 jura
848 1033 954 1097 tuere
971 1023 1051 1097 viri.

310 1136 360 1212 Et
376 1138 471 1224 cole,
490 1163 586 1236 quos
603 1138 750 1213 dederit
766 1138 922 1235 (multos
939 1139 1061 1235 dabit)
1080 1165 1176 1215 uxor
1193 1143 1348 1216 amicos.

359 1253 491 1327 Gratia
504 1254 559 1327 sic
577 1253 729 1327 minimo
746 1277 882 1351 magna
899 1255 1027 1329 labore
1044 1257 1158 1331 venit.
1300 1263 1348 1331 46

276 1415 280 1427 .
310 1368 374 1442 Sic
393 1369 534 1467 poteris
547 1371 727 1467 juvenum
745 1369 915 1442 convivia
931 1393 1079 1469 semper
1096 1371 1207 1446 inire:

359 1484 420 1574 Et,
440 1510 525 1583 quae
543 1510 618 1559 non
634 1484 796 1571 dederis
815 1486 937 1560 multa
950 1487 1075 1562 videre
1092 1489 1208 1562 domi.

676 1892 902 1968 ELEGIA
934 1894 982 1969 V.

307 2073 343 2145 N
345 2099 396 2147 ox
414 2088 512 2150 erat:
538 2089 577 2151 et
594 2102 748 2152 somnus
766 2079 885 2153 lassos
904 2080 1079 2153 submisit
1095 2080 1247 2154 ocellos,

355 2190 582 2265 Terruerunt
599 2193 763 2266 animum
781 2194 870 2267 talia
886 2195 968 2267 visa
984 2217 1122 2268 meum.

306 2305 413 2381 Colle
431 2307 501 2380 sub
520 2307 646 2405 aprico
664 2309 930 2383 celeberrimus
949 2309 1034 2384 ilice
1051 2310 1160 2382 lucus

355 2422 506 2512 Stabat;
535 2435 576 2497 et
592 2424 630 2496 in
648 2424 760 2497 ramis
778 2425 897 2498 multa
914 2424 1057 2498 latebat
1072 2424 1163 2498 avis.

304 2535 404 2612 Area
420 2539 611 2635 gramineo
628 2542 781 2615 suberat
797 2540 1023 2615 viridissima
1039 2551 1158 2639 prat0,
1318 2545 1347 2615 '5

356 2652 480 2729 Uvida
495 2655 544 2728 de
561 2656 678 2752 guttis
696 2657 779 2730 lene
797 2656 965 2730 sonantis
983 2680 1104 2755 aquae.

306 2766 394 2865 lpse
411 2771 482 2844 sub
500 2771 665 2845 arboreis
681 2771 845 2845 vitabam
862 2770 1057 2845 frondibus
1071 2780 1222 2858 aestum3

354 2885 502 2962 Fronde
519 2888 589 2961 sub
607 2888 762 2962 arborea
779 2888 847 2962 sed
864 2899 991 2964 tamen
1009 2897 1123 2961 aestus
1141 2899 1233 2961 erat.

305 3002 418 3089 Ecce,
437 3016 570 3103 petens
588 3005 698 3079 variis
716 3006 907 3080 immixtas
924 3006 1079 3079 floribus
1098 3005 1246 3089 herbas,

354 3118 534 3196 Constitit
550 3132 637 3196 ante
654 3121 782 3195 oculos
800 3121 962 3196 candida
978 3144 1094 3195 vacca
1110 3144 1226 3193 meos.
1301 3124 1345 3191 10

304 3235 508 3312 Candidior
525 3238 686 3325 nivibus,
705 3250 794 3312 tunc
812 3261 898 3312 cum
916 3237 1087 3312 cecidere
1105 3246 1296 3323 recentes;

354 3350 400 3425 ln
418 3354 579 3452 liquidas
596 3356 762 3429 nondum
779 3380 876 3455 quas
893 3378 998 3429 mora
1015 3352 1124 3428 vertit
1141 3376 1273 3449 aquas.

304 3468 521 3556 Candidior,
541 3472 643 3567 quod
661 3472 783 3546 adhuc
802 3472 946 3570 spumis
964 3470 1208 3546 stridentibus
1230 3469 1343 3554 albet,

354 3582 405 3657 Et
420 3586 532 3659 modo
550 3588 741 3675 siccatam,
761 3589 870 3674 lacte,
891 3587 1069 3686 relinquit
1085 3609 1204 3659 ovem.

299 3800 342 3850 det
351 3816 448 3851 uxorem
457 3801 589 3853 ducendam
601 3818 666 3853 esse:
683 3805 709 3852 Si
722 3805 799 3854 detor·
848 3803 969 3870 Grypbim
978 3812 1003 3853 et
1012 3805 1181 3857 Remmcnnus,
1193 3810 1220 3849 ut
1231 3801 1346 3865 fragmen·

300 3890 363 3924 mem
382 3875 487 3934 dureris,
507 3892 604 3942 plenum
630 3877 743 3928 babebis:
772 3880 800 3928 Si
848 3874 1179 3942 lumerEpigramnralis,ad
1192 3874 1281 3923 calcem
1297 3875 1345 3939 pri·

300 3950 432 4014 pulchram,
442 3949 635 4000 communiunt.
656 3951 773 4001 Manios.
847 3952 881 4000 nri
890 3950 947 4000 tomi
956 3951 1097 4015 rejecerunt.
1110 3950 1135 3999 in
1151 3949 1228 4015 prima
1242 3948 1346 3999 editione

499 4049 597 4063 —-
847 4034 883 4075 est
892 4033 959 4075 sexta
969 4025 1023 4074 libri
1032 4025 1139 4082 secundi,
1149 4024 1173 4072 in
1185 4023 1290 4073 tuniano
1306 4040 1344 4073 co

335 4100 357 4147 l.
369 4098 691 4156 &contaminationes
707 4101 798 4146 mormi-
847 4099 901 4149 dice
917 4098 1002 4164 legitur
1019 4109 1072 4164 post
1091 4099 1199 4162 Elegiam
1215 4097 1246 4146 de
1268 4099 1345 4153 Nuce.

298 4174 328 4219 rit
348 4175 446 4239 ocellos]
479 4174 539 4223 Hac
565 4170 659 4237 Elegia,
681 4188 734 4238 qun
752 4174 798 4223 rub
847 4172 888 4222 ubi
907 4182 933 4221 et
948 4171 1026 4222 Aldus
1043 4170 1178 4221 collocavit.
1194 4170 1346 4236 insliispost

300 4246 476 4313 linomopermn
488 4246 658 4297 Ovidianomm
672 4246 798 4311 fragmenti
848 4246 955 4312 Elegiam
966 4245 990 4294 in
1004 4256 1102 4295 mortem
1117 4244 1215 4302 Tibulli,
1232 4244 1256 4293 io
1273 4246 1345 4294 Fran-

300 4320 394 4370 nomioe
404 4337 526 4387 perperam
540 4322 656 4370 hacteuus
666 4320 797 4386 legebatur,
846 4320 893 4370 col.
902 4331 955 4386 post
964 4318 1029 4368 Ibin.
1048 4320 1136 4367 Bona.

300 4393 491 4445 hucrevocaadn
499 4405 576 4446 estex
593 4395 640 4445 fide
655 4394 796 4461 optimorum
881 4397 919 4444 14.
935 4394 1070 4458 Siccam]
1099 4392 1161 4442 Vide
1176 4393 1207 4443 ad
1225 4394 1342 4452 Quinctil.

299 4466 796 4535 acvcterrimummoodieam.utipareds
846 4469 989 4518 Decl.x.3.

299 4556 366 4591 meus
379 4541 522 4607 jampridem
541 4542 638 4593 monuit.
662 4543 796 4593 Hmrsms.
