3600 5925
457 683 522 748 &B

680 643 682 646 ’
742 689 782 752 Ρ.
805 686 967 753 ovrnrr
990 685 1201 753 nasonis

461 858 555 932 Pars
573 860 752 957 adaperta
768 858 851 946 fnit,
870 885 957 958 pars
975 862 1093 935 altera
1110 862 1240 936 clausa
1254 861 1447 940 fenestrae:

510 974 631 1059 Quale
648 974 725 1048 sere
743 974 845 1047 silvae
862 976 990 1049 lumen
1007 977 1145 1050 babere
1164 980 1297 1052 solent.

460 1090 597 1175 Qualia
611 1093 821 1178 sublucent,
841 1092 1020 1188 fugiente,
1039 1095 1274 1192 crepuscula,
1293 1093 1461 1169 Phoebo:
1477 1100 1501 1169 5

509 1206 587 1279 Aut
603 1208 667 1280 ubi
686 1231 762 1280 nox
780 1207 884 1294 abiit,
904 1231 973 1281 nec
990 1220 1118 1283 tamen
1135 1219 1217 1283 orta
1233 1210 1328 1284 dies.

459 1321 530 1395 llla
546 1323 767 1396 verecundis
784 1324 850 1396 lux
867 1333 927 1397 est
942 1325 1148 1422 praebenda
1163 1326 1310 1424 puellis,

509 1439 596 1524 Qua
613 1440 766 1512 timidus
783 1439 947 1514 latebras
964 1451 1091 1539 speret
1107 1441 1246 1515 habere
1262 1443 1395 1540 pudor.

460 1554 562 1628 Ecce
581 1554 748 1628 Corinna
763 1555 876 1641 venit,
895 1555 1023 1628 tunicii
1038 1557 1161 1630 velata
1176 1556 1355 1644 recinctai,

511 1669 684 1743 Candida
701 1670 855 1742 dividua
873 1670 972 1743 colla
987 1681 1140 1767 tegente
1156 1673 1285 1748 comi:

1455 1677 1501 1745 10

460 1784 629 1870 Qualiter
647 1785 685 1857 in
702 1784 887 1858 thalamos
905 1784 1067 1860 formosa
1085 1787 1301 1862 Semiramis
1319 1787 1394 1862 isse

511 1900 671 1986 Dicitur,
690 1910 729 1972 et
746 1900 874 1972 multis
894 1899 980 1974 Lais
998 1913 1123 1976 amata
1139 1904 1238 1977 viris.

460 2015 615 2114 Deripui
633 2016 819 2103 tunicam3
848 2041 920 2090 nec
937 2019 1095 2092 multum
1113 2044 1196 2093 rara
1213 2022 1394 2095 nocebat:

509 2130 711 2227 Pugnabat
726 2131 855 2205 tunica
873 2133 941 2206 sed
958 2143 1084 2208 tamen
1102 2134 1166 2210 illa
1182 2138 1272 2233 tegi.

456 2306 542 2363 posset.
551 2298 601 2348 rid.
611 2308 636 2347 et
645 2298 721 2364 Epist.
731 2298 779 2347 xvi.
791 2300 849 2350 ³15.
863 2308 952 2349 utnum-

457 2387 504 2435 que
514 2370 637 2436 conjungit
645 2371 701 2420 intr.
712 2371 737 2420 ii.
747 2371 831 2422 Amor.
842 2391 866 2423 x.
879 2374 918 2422 17.
927 2382 953 2424 et

459 2446 497 2495 lu.
513 2445 572 2494 nihil
583 2454 662 2495 temen
676 2456 758 2496 contra
770 2446 865 2496 eodioee
878 2449 953 2497 ende·

456 2536 510 2569 mus
521 2536 624 2576 movere,
636 2521 680 2569 nisi
691 2522 754 2585 quod
767 2525 861 2584 imposui
877 2522 953 2587 magis

455 2594 543 2660 placet,
553 2610 626 2659 quem
635 2599 735 2658 apposui.
745 2606 773 2645 ut
782 2597 843 2645 Stet.
852 2595 879 2644 ii.
890 2597 951 2645 silv.

454 2668 472 2717 i.
483 2669 523 2718 6³.
555 2668 675 2730 impositus
684 2673 770 2719 stratis.
802 2670 897 2719 Petron.
909 2672 951 2719 28.

455 2742 693 2805 hctieeimponitur.
726 2745 952 2803 Prancimvolebet,

454 2821 574 2880 composui.
591 2817 634 2866 ned
647 2817 793 2883 negligenter
802 2834 828 2867 ee
838 2817 952 2883 abjecisse

454 2891 598 2941 credendum
616 2901 660 2948 ert,
675 2892 719 2941 boc
730 2907 785 2941 vero
795 2893 893 2942 verbum
910 2909 951 2942 eu·

455 2981 505 3014 ram
516 2976 540 3015 et
550 2966 698 3031 diligentiam
708 2974 783 3015 notat.
816 2967 906 3015 Banu.

488 3039 616 3103 levanda]
634 3040 952 3090 Recreendaetreficiendn.

454 3114 592 3164 Crornuua.
625 3115 655 3161 In
671 3130 719 3162 uno
733 3114 829 3171 Moreti,
839 3119 951 3165 unverida.

454 3188 548 3237 vidend
560 3188 635 3253 Epist.
647 3187 682 3237 ir.
692 3188 733 3237 90.
766 3188 877 3237 immede
887 3190 950 3254 Gry·

453 3262 503 3327 pbii
513 3262 587 3312 editio
596 3262 690 3311 vitiose.

486 3339 510 3384 4.
528 3337 602 3391 Quale
604 3337 660 3401 fere
668 3338 729 3384 silva
741 3338 816 3385 tarmen
827 3338 907 3386 babere
916 3354 949 3385 eo-

454 3412 509 3459 lent.
543 3410 629 3464 Qualia
639 3411 766 3465 mblacent,
771 3410 889 3474 fugiente,
897 3428 948 3460 ere·

450 3487 557 3548 pamla,
570 3485 662 3533 Plano.-
679 3486 728 3531 Aut
737 3486 777 3531 abi
787 3502 831 3532 not
836 3487 900 3541 abiit,
908 3503 950 3535 nec

454 3567 527 3606 tamen
544 3568 594 3606 orta
612 3557 681 3620 dim]
701 3556 760 3604 Hac
778 3566 822 3613 est,
835 3573 907 3622 quam
923 3558 950 3608 in

453 3631 541 3680 Ouidio
551 3648 602 3681 esee
614 3631 648 3680 ait
657 3629 841 3687 Quinctilianus,
848 3633 949 3681 heiria.

451 3707 514 3754 Setis
534 3714 585 3754 erat
604 3705 690 3760 dicere,
713 3704 799 3757 Qualia
822 3706 949 3762 multarent,

452 3781 499 3829 dre.
517 3781 554 3829 vel
565 3796 638 3829 unum
647 3796 676 3828 er
687 3778 716 3826 iis
725 3778 839 3844 exemplis
852 3795 948 3843 ponem.

452 3855 525 3904 Cror.

487 3932 526 3978 10.
544 3928 671 3992 Dividam]
686 3928 715 3976 ld
726 3937 762 3975 est
771 3943 915 3992 sparna,non
923 3926 948 3977 in

452 4004 539 4053 nodum
550 4006 659 4059 collecta,
669 4003 711 4052 sed
727 4002 752 4050 in
768 4011 893 4067 utrumque
904 4002 948 4051 bu-

451 4093 541 4126 memm
552 4080 648 4143 rejecta.
666 4077 759 4138 videtin
771 4075 876 4124 imitatus
885 4076 947 4124 Noe·

451 4160 486 4199 ter
494 4151 648 4217 Apollonium
659 4151 739 4199 Rhod.
750 4149 792 4199 lib.
802 4149 838 4199 iii.
850 4151 888 4199 ⁴5.

484 4227 595 4274 Ameoim
614 4225 633 4275 δ’
651 4224 760 4291 ἑκάτερθε
779 4225 856 4289 κόμας
876 4224 947 4273 ἐπιει-

513 4298 576 4360 μένη
587 4297 669 4365 ὤμοις·

450 4367 562 4417 tranum
569 4380 691 4419 notaverat
696 4371 721 4419 in
729 4371 842 4437 margine,
851 4371 946 4436 diffrua.

449 4438 491 4488 ned
508 4440 553 4490 hoc
571 4443 646 4507 magis
661 4454 742 4510 aptum
758 4444 946 4494 vaticinantibus.

449 4513 539 4563 Bona.

1037 2302 1077 2350 ll.
1104 2301 1254 2365 Samiramia]
1281 2301 1342 2350 Hac
1359 2300 1418 2349 Nini
1438 2301 1500 2365 regit

1002 2375 1152 2441 Assyriorum
1160 2376 1207 2426 luit
1217 2392 1283 2434 uxor,
1291 2385 1316 2425 et
1326 2376 1399 2426 enimi
1407 2376 1499 2441 magni-

1002 2449 1092 2509 tudine,
1106 2457 1132 2499 et
1145 2451 1248 2516 corporis
1264 2450 1440 2515 pulchritudine
1455 2466 1497 2500 ex·

1001 2523 1097 2574 cellam.

1036 2598 1075 2647 tu.
1086 2596 1164 2660 Laia]
1177 2597 1237 2646 Hac
1248 2607 1275 2647 nt
1285 2596 1407 2647 Plutarch.
1417 2596 1443 2647 in
1451 2596 1497 2646 Ni.

1002 2671 1045 2721 cite
1056 2672 1105 2722 vita
1115 2671 1204 2729 scribit,
1214 2688 1243 2721 ex
1254 2671 1336 2721 Sicilie
1346 2669 1372 2720 in
1382 2672 1487 2738 Pelopon

1001 2759 1084 2794 neenm
1091 2745 1153 2794 inter
1159 2743 1218 2794 alios
1224 2746 1329 2811 captivos
1339 2760 1413 2809 prm
1420 2744 1498 2795 adhue

1000 2819 1082 2885 puella
1091 2829 1128 2869 eet
1138 2819 1250 2870 abducta.
1281 2818 1498 2884 Dietnposteaco·

1000 2894 1096 2950 rinthia,
1107 2892 1171 2957 quod
1181 2891 1287 2942 Corinthi
1298 2891 1425 2942 habitaret.

1033 2969 1116 3016 Amata
1139 2967 1215 3031 viria]
1242 2967 1271 3015 In
1289 2966 1393 3032 quodum
1413 2967 1498 3017 codice

1001 3040 1108 3105 legimus,
1131 3042 1188 3089 Lair
1211 3050 1287 3089 amata
1305 3044 1390 3103 praeit.
1426 3041 1497 3090 Utre-

1001 3131 1047 3179 que
1068 3115 1139 3165 lectio
1158 3116 1276 3182 probatur.
1303 3115 1415 3164 Murrus.
1454 3115 1494 3163 Vi·

1000 3191 1032 3236 rie
1045 3198 1083 3238 est
1096 3187 1122 3237 in
1136 3188 1261 3238 retenbm.
1278 3188 1411 3237 Crorrum.
1443 3188 1496 3239 Re·

999 3280 1060 3329 pone
1070 3267 1126 3313 uiris
1135 3280 1165 3314 ex
1176 3263 1223 3315 lide
1231 3263 1370 3330 optimorum
1376 3262 1497 3313 mdienm.

1000 3338 1069 3388 Praei
1075 3338 1138 3388 enim
1147 3338 1276 3387 secundnm
1284 3338 1387 3393 Festum,
1398 3339 1438 3401 qui
1446 3355 1498 3401 pee-

998 3423 1055 3462 cunt
1073 3415 1172 3477 aliquam
1192 3415 1218 3460 in
1236 3415 1413 3460 matrimonium.
1439 3411 1497 3463 hine

999 3487 1129 3553 Penelopen
1145 3488 1221 3549 proci:
1247 3485 1382 3551 dequibus
1402 3487 1497 3537 mande

999 3561 1089 3610 dictum
1109 3561 1140 3609 ad
1157 3560 1286 3609 secundant
1303 3559 1387 3609 Sebini
1404 3561 1496 3626 Ep'ato-

999 3637 1054 3684 lam.
1071 3649 1187 3699 nmquam
1198 3650 1318 3696 moenum
1334 3634 1423 3683 mendo
1432 3634 1496 3700 apud

998 3708 1095 3757 Iatinon
1109 3707 1232 3772 scriptores
1242 3706 1353 3764 occurrit,
1363 3707 1454 3772 quoda
1463 3708 1496 3757 de

998 3780 1159 3830 meretricibus
1179 3780 1264 3846 agitur,
1281 3783 1385 3829 uirorum
1403 3781 1498 3847 panim,

998 3854 1085 3904 Noster
1094 3862 1119 3903 et
1132 3854 1157 3902 in
1170 3853 1229 3902 Arte
1238 3853 1364 3903 Amatoria
1377 3858 1443 3917 proci
1455 3871 1497 3904 vo·

997 3927 1083 3975 cabulo
1094 3926 1163 3975 anxie
1173 3926 1294 3975 abstimt.
1326 3927 1418 3977 Barna.

1033 4002 1071 4049 1³.
1088 4000 1137 4049 Nee
1146 4002 1308 4049 multumrara
1316 4001 1430 4065 nocebat]
1442 4002 1496 4051 Hoe

997 4084 1042 4131 eet,
1048 4073 1130 4123 tunica
1138 4089 1190 4123 rara
1200 4075 1313 4139 tenuique
1323 4074 1364 4123 filo
1373 4091 1402 4124 er
1411 4074 1495 4123 Corin·

997 4164 1034 4197 na
1044 4147 1107 4201 omui
1117 4164 1212 4215 corpore
1227 4164 1275 4196 non
1290 4148 1389 4197 maltum
1403 4148 1495 4197 subdu-

996 4224 1067 4272 cebat
1082 4222 1157 4272 oculis
1177 4223 1246 4271 meis.
1263 4220 1421 4271 annuum
1440 4221 1496 4273 vult

996 4296 1067 4345 luisse
1077 4306 1176 4353 vestem,
1192 4296 1296 4345 tunicam
1311 4293 1495 4358 Bombycinam,

995 4385 1080 4434 nempe
1099 4369 1174 4419 Ceam
1194 4378 1235 4419 aut
1254 4368 1364 4419 Sancum
1382 4374 1412 4416 ut
1428 4368 1494 4435 apud

995 4444 1078 4493 Horat.
1102 4444 1153 4493 Coie
1161 4437 1203 4493 tibi
1210 4461 1268 4508 pene
1276 4447 1351 4493 nidmu
1361 4452 1403 4499 eet,
1413 4452 1442 4491 ut
1450 4460 1493 4491 nu·

994 4520 1053 4567 dum.
1086 4518 1176 4567 Herus.
