3600 5925
525 766 667 833 ARTIS
689 765 958 833 AMATORIAE
979 766 1071 834 LIB.
1096 768 1125 832 1.
1281 774 1345 842 475

301 939 327 1013 J
330 963 466 1038 srnque
480 941 614 1016 iterum
627 940 789 1015 tundens
798 939 1018 1015 mollissima
1031 951 1185 1040 pectora
1194 946 1341 1043 palsas,

353 1057 527 1132 Perfidus
544 1057 606 1131 ille
623 1056 734 1131 abiit:
763 1055 856 1153 quid
873 1055 964 1130 mibi
979 1056 1071 1131 fietl
1097 1058 1161 1132 ait.
1269 1066 1342 1136 636

305 1172 405 1257 Quid
419 1173 512 1248 milri
525 1173 618 1249 fieti
643 1172 708 1248 ait.
735 1182 941 1249 sonuerunt
956 1174 1132 1272 cymbala
1148 1186 1227 1250 toto

354 1288 491 1376 Litore,
510 1301 549 1365 et
565 1289 726 1364 attoniti
742 1299 925 1388 tympana
940 1290 1050 1388 pulsa
1065 1315 1192 1366 manu.

304 1401 459 1479 Excidit
474 1406 539 1480 illa
554 1415 669 1491 metu,
688 1405 866 1504 rupitque
882 1407 1084 1482 novissnna
1100 1410 1234 1484 verba:

350 1520 490 1627 'Nullus
506 1522 545 1594 in
562 1521 726 1596 exanimi
740 1535 898 1622 corpore
916 1524 1069 1620 sanguis
1086 1535 1177 1599 erat.
1268 1530 1343 1602 540

303 1635 405 1714 Ecce
421 1635 700 1714 Mimallonides
717 1637 858 1736 sparsis
875 1638 914 1711 iu
931 1649 1038 1736 terga
1054 1640 1221 1739 capillis:

354 1752 455 1828 Ecce
471 1753 572 1828 leves
591 1753 730 1852 Satyri,
748 1753 887 1851 pueris
903 1754 1013 1828 turba
1031 1753 1125 1830 Dei:

302 1867 440 1944 Ebrius
456 1893 547 1945 ecce
563 1894 680 1945 senex
697 1870 822 1969 pando
841 1869 992 1945 Silenus
1010 1870 1125 1948 asello

350 1983 426 2058 Vix
443 1986 570 2074 sedet3
599 1997 638 2060 et
654 2008 803 2085 pressas
821 1986 988 2061 coronet
1005 1996 1083 2061 arte
1096 1988 1223 2085 jubas.

303 2099 404 2174 Dum
427 2101 598 2200 sequitur
625 2101 811 2189 Bacchas,
837 2102 1000 2178 Bacchae
1027 2102 1250 2203 fugiuntque
1275 2131 1339 2210 pe·

448 2227 626 2315 tuutque:
1267 2226 1340 2297 645

351 2332 648 2432 Quadrupedem
665 2334 783 2408 ferun
795 2336 891 2409 durn
908 2338 1029 2411 malus
1047 2348 1183 2435 urguet
1198 2362 1338 2438 eques3

301 2449 346 2523 ln
363 2460 478 2548 caput
495 2450 615 2523 aurito
633 2451 770 2525 cecidit
786 2452 963 2551 delapsus
980 2453 1110 2527 asello.

351 2565 572 2638 Clamarunt
590 2565 729 2664 Satyri,
749 2566 884 2663 Surge,
902 2591 987 2663 age,
1005 2592 1129 2665 surge,
1149 2568 1276 2644 Pater.

298 2680 385 2754 lum
404 2679 509 2754 Deus
527 2704 549 2754 e
565 2703 689 2765 curru,
708 2703 824 2777 quern
840 2704 1029 2755 summum
1045 2693 1193 2758 texerat
1209 2685 1303 2771 uvis,

347 2795 522 2893 Tigribus
540 2796 727 2892 adjunctis
744 2819 858 2869 aurea
873 2797 953 2870 lora
968 2797 1095 2871 dabat.
1264 2804 1340 2874 550

299 2912 350 2987 Et
366 2913 481 2999 color,
499 2923 539 2987 et
554 2911 736 3000 Theseus,
755 2923 795 2988 et
810 2936 883 2987 vox
900 2912 1025 2987 abiere
1041 2912 1199 3012 puellae:

347 3028 496 3127 Terque
513 3027 640 3124 lugam
656 3027 786 3126 petiit:
815 3038 948 3125 terque
965 3026 1111 3102 retenta
1127 3039 1243 3104 metu.

299 3142 465 3231 Horruit,
483 3154 526 3218 ut
541 3143 700 3231 steriles,
719 3142 838 3241 agitat
855 3167 950 3240 quas
966 3153 1112 3231 ventus,
1132 3144 1276 3220 aristae:

348 3259 403 3334 Ut
418 3259 510 3345 levis
528 3259 567 3333 in
582 3258 734 3334 madida
749 3282 871 3334 canna
887 3259 1025 3357 palude
1042 3260 1180 3334 tremit.

328 3518 384 3567 639.
402 3516 494 3567 stridit
514 3519 558 3567 illo
577 3528 648 3575 suda,
666 3519 728 3583 dre-J
752 3519 791 3568 De
873 3519 932 3570 sle.
951 3519 1015 3568 Dura
1029 3522 1102 3568 stultas
1111 3519 1204 3585 terget]
1224 3519 1288 3569 Mala
1301 3537 1337 3568 as·

296 3599 375 3640 mente
388 3590 576 3657 intelligendum.
586 3591 636 3642 rid.
645 3592 677 3642 sd
690 3592 792 3643 Remed.
840 3592 993 3658 sonegia,
1009 3594 1077 3649 lone,
1090 3610 1131 3658 pro
1140 3595 1203 3643 udat
1219 3608 1235 3641 a
1249 3596 1336 3642 sedare

296 3666 352 3715 348.
363 3664 792 3731 sequeutia,rupltpussruulrrr'mooar·
840 3666 948 3716 Venatus
963 3666 1027 3715 euim
1045 3682 1057 3714 a
1070 3666 1172 3716 Bacchis
1183 3674 1206 3714 et
1224 3681 1296 3714 senen
1312 3675 1338 3714 et

295 3741 333 3796 lc,
345 3754 475 3789 sermonem
485 3738 640 3806 interruptum
651 3748 742 3789 nolant.
840 3740 929 3797 mium,
944 3740 985 3805 qui
1001 3738 1079 3788 cauda
1095 3747 1119 3788 et
1131 3737 1197 3804 jubis
1209 3737 1338 3804 prebemus

326 3814 385 3863 641.
404 3812 462 3863 Tou
481 3813 650 3863 Mimallonides
669 3817 751 3876 sparsis
765 3817 792 3863 irs
840 3810 1337 3869 exultabatetmalesedabaturasileuo,

295 3897 360 3953 terga
370 3888 483 3952 cupillis]
498 3888 650 3945 Misellum,
660 3903 675 3936 a
685 3903 733 3953 quo
744 3887 792 3937 lli·
840 3886 922 3935 omnia
938 3886 1003 3936 euim
1019 3885 1050 3935 de
1067 3885 1132 3942 ludo,
1147 3900 1219 3951 quem
1234 3885 1336 3934 Baccho

295 3964 454 4019 molbotdsm
462 3961 579 4011 Mimante
586 3961 658 4027 vulgo
667 3961 791 4012 bonaso·
841 3960 960 4011 iaciebant
969 3960 1057 4017 Sileno,
1067 3959 1200 4026 cupienda:
1211 3957 1250 4008 vel
1260 3969 1337 4024 urget,

295 4035 360 4085 lunt:
376 4034 442 4102 quod
451 4035 477 4084 in
491 4050 520 4084 eo
528 4043 610 4084 monte
622 4050 690 4085 aacra
700 4035 791 4086 Bacchi
840 4044 878 4084 est
894 4034 1005 4100 impellit,
1026 4042 1053 4084 nt
1068 4032 1228 4100 progrediatur
1242 4032 1337 4082 tardum
1453 4088 1457 4097 ‚

294 4109 413 4161 celebrata
427 4109 523 4159 laudm.
556 4108 642 4159 snitu
660 4116 749 4168 autern,
766 4121 791 4160 et
841 4107 938 4164 anbnal,
948 4115 973 4157 et
987 4105 1087 4172 effugiat
1100 4107 1225 4156 mulierum
1241 4120 1335 4155 manus.

295 4182 374 4232 Greci
384 4183 434 4241 alii,
445 4181 556 4245 ‹lsdrs‘pc
570 4182 693 4251 μιμὴσιως
706 4198 791 4233 nomen
840 4183 932 4231 Boura.

296 4255 339 4305 boc
349 4256 478 4307 deductum
488 4256 591 4314 nmuut,
600 4273 629 4307 eo
638 4256 702 4323 qnod
711 4256 790 4306 loemi·
872 4257 931 4306 664.
949 4254 978 4303 ln
989 4254 1105 4319 madida]
1118 4253 1218 4304 Nullum
1229 4252 1337 4314 dubiam,

295 4345 332 4379 aar
353 4329 403 4378 ista
429 4330 529 4380 virorum
548 4330 612 4380 facta
634 4330 789 4380 imitarentur.
840 4328 992 4395 quinomais
1009 4327 1337 4395 petulantiamque

294 4403 443 4470 hade-que
469 4414 541 4454 autea
566 4405 639 4454 etiarn
660 4404 790 4464 κλαδῶνας
839 4402 939 4453 otiosum
956 4402 1079 4469 epitheton
1094 4400 1170 4452 rideri
1181 4401 1234 4467 jure
1251 4410 1337 4468 poten.

294 4477 372 4527 dictas
387 4477 468 4542 ajunt:
487 4487 545 4543 puta
560 4477 624 4544 quod
640 4494 724 4536 ramos,
740 4477 790 4528 sive
840 4474 1010 4527 Ambrosianus
1036 4486 1062 4526 et
1087 4474 1228 4532 Vossianus,
1254 4480 1337 4528 ardis.

295 4551 386 4616 thyrsos
397 4560 523 4615 gestarent.
558 4552 653 4602 lllrcru.
840 4552 931 4600 Busa.
