3600 5925
474 745 540 811 880
769 745 808 808 Ρ.
832 742 993 808 OVIDII
1017 737 1228 809 NASONIS

475 918 613 1016 Turpe,
631 941 715 991 reos
732 918 835 991 emta
853 916 1008 990 miseros
1025 916 1226 991 defendere
1243 917 1392 1014 lingua:

523 1032 634 1117 Quod
651 1031 763 1106 saciat
778 1054 946 1128 magnas,
963 1043 1085 1130 turpe,
1103 1032 1266 1106 tribunal
1282 1057 1386 1132 opes.
1458 1040 1508 1107 40

474 1148 611 1248 Turpe,
629 1149 701 1223 tori
718 1149 841 1223 reditu
858 1173 994 1223 census
1011 1172 1149 1245 augere
1166 1160 1354 1247 paternae,

525 1264 575 1338 Et
592 1265 725 1340 faciem
739 1266 842 1339 lucro
859 1265 1098 1364 prostituisse
1114 1289 1233 1339 suam.

477 1387 607 1461 Gratia
623 1410 690 1485 pro
708 1387 818 1459 rebus
836 1384 968 1458 merito
986 1383 1145 1457 debetur
1162 1381 1331 1456 inemtis:

524 1502 600 1576 Pro
616 1501 713 1576 male
730 1500 918 1574 conducto
934 1498 1055 1595 gratia
1071 1499 1174 1571 nulla
1189 1508 1281 1572 toro.

478 1618 616 1691 Omnia
632 1616 837 1690 conductor
855 1614 984 1687 solvit:
1012 1614 1187 1688 mercede
1204 1614 1326 1686 soluta
1466 1616 1513 1687 45

527 1734 564 1806 N
566 1757 614 1807 on
632 1742 759 1806 manet
775 1731 896 1804 officio
913 1730 1060 1804 debitor
1076 1731 1138 1805 ille
1153 1742 1232 1805 tuo.

476 1850 638 1936 Parcite,
657 1848 840 1933 formosae,
859 1847 1021 1946 pretium
1033 1872 1102 1946 pro
1120 1858 1231 1922 nocte
1248 1846 1402 1945 pacisci.

526 1965 613 2039 Non
630 1965 745 2040 habet
760 1974 915 2038 eventus
933 1965 1084 2038 sordida
1100 1964 1227 2064 praeda
1243 1965 1375 2037 bonos.

477 2082 564 2156 Non
578 2081 648 2155 fuit
664 2081 827 2155 armillas
844 2080 939 2154 tanti
956 2081 1148 2180 pepigisse
1166 2079 1338 2164 Sabinas,

527 2198 582 2271 Ut
598 2208 810 2296 premerent
825 2221 941 2271 sacrae
958 2198 1111 2295 virginis
1129 2220 1232 2271 arma
1247 2205 1374 2294 caput.
1464 2197 1511 2266 50

477 2311 510 2385 E
528 2313 667 2410 quibus
682 2312 837 2399 exierat,
855 2313 1007 2410 trajecit
1019 2314 1163 2388 viscera
1179 2312 1274 2387 ferro

527 2428 664 2503 Filius:
692 2437 731 2501 et
747 2452 868 2527 poenae
885 2453 1023 2504 caussa
1037 2430 1174 2504 monile
1190 2428 1273 2502 fuit.

477 2543 560 2619 Nec
577 2555 703 2619 tamen
720 2545 914 2643 indignum
931 2556 1002 2634 est,
1021 2544 1044 2619 d
1060 2547 1174 2621 divite
1191 2565 1346 2618 munera
1360 2540 1478 2640 posci.

526 2659 687 2735 Munera
702 2663 874 2760 poscenti
892 2662 993 2759 qaod
1011 2663 1101 2736 dare
1119 2661 1250 2760 possit,
1269 2659 1394 2733 habet.

477 2776 631 2875 Carpite
648 2777 695 2850 de
713 2779 834 2876 plenis
852 2779 1060 2878 pendentes
1076 2777 1214 2852 vitibus
1232 2799 1344 2849 uvas:
1465 2774 1511 2844 55

525 2891 699 2968 Praebeat
715 2893 863 2967 Alcinoi
881 2916 995 2994 poma
1010 2895 1195 2992 benignus
1213 2904 1314 2990 ager.

477 3006 651 3082 Officium
668 3033 811 3108 pauper
827 3020 1010 3098 numeret,
1029 3011 1283 3107 stuffiumque,
1301 3007 1510 3103 fidemque:

526 3123 636 3207 Quod
654 3124 739 3223 quis
756 3124 882 3213 habet,
902 3126 1062 3200 dominae
1080 3125 1246 3199 conferat
1262 3147 1374 3197 omne
1391 3144 1479 3194 snae.

477 3236 547 3311 Est
563 3262 727 3338 quoque,
746 3240 973 3315 carminibus
991 3241 1142 3316 meritas
1155 3242 1344 3315 celebrare
1356 3236 1509 3337 puellas,

525 3354 605 3428 Dos
622 3379 727 3445 mea3
757 3381 870 3455 quam
887 3359 999 3447 volui,
1018 3368 1108 3432 nota
1123 3358 1166 3431 fit
1182 3367 1262 3431 arte
1278 3355 1372 3430 med.
1461 3355 1511 3424 60

506 3543 547 3591 44.
563 3542 628 3592 Mula
646 3545 778 3608 conducta]
797 3546 827 3594 ld
845 3554 891 3603 est,
908 3562 970 3606 care,
1021 3539 1512 3610 5551515155,5515555ι55(155551555ὓί-

474 3630 559 3680 magno
570 3616 653 3682 piatio.
671 3625 699 3666 ut
713 3613 809 3668 Terent.
825 3617 888 3670 Eun.
898 3619 932 3669 iv.
944 3622 969 3671 l.
1020 3622 1100 3688 phyle,
1111 3636 1158 3686 qno
1171 3620 1215 3668 viri
1225 3619 1299 3669 vitan
1308 3618 1423 3675 reuffidt.
1432 3616 1457 3665 in
1466 3617 1514 3683 ejus

475 3689 539 3738 Molo
547 3691 761 3741 conciliamini
775 3692 873 3759 passim,
883 3696 937 3744 boue
946 3704 972 3746 et
1020 3694 1147 3763 perniciem
1158 3710 1250 3744 versum
1259 3703 1305 3744 est.

474 3764 629 3813 miramars.
641 3764 691 3814 vid.
702 3765 720 3815 i.
731 3766 852 3816 Ararim.
863 3768 922 3818 426.
1052 3773 1094 3819 55.
1113 3768 1261 3831 Pendentes]
1270 3765 1389 3818 ,15515555
1399 3766 1510 3829 splenden-

507 3836 548 3886 49.
574 3836 627 3885 Non
637 3837 692 3901 fuit
708 3840 836 3904 amillau]
864 3841 971 3907 Turpejrs
1021 3854 1118 3901 resnou
1134 3843 1206 3900 male,
1222 3842 1368 3908 quoeculos
1385 3840 1512 3896 leriuntnt

474 3909 580 3958 Vestalis
588 3909 708 3960 historiam
722 3911 807 3977 tangit,
816 3929 871 3979 qua
881 3914 970 3964 Roma·
1021 3917 1109 3967 divitia
1119 3918 1250 3974 beatomm,
1260 3933 1314 3981 qua
1331 3914 1463 3981 conspicua
1478 3912 1512 3961 in·

474 3996 530 4030 nam
546 3998 625 4033 arcem
639 3983 733 4033 Sabinis
748 3985 864 4050 prodidit:
881 3987 923 4053 qui
939 3989 970 4037 ob
1020 3991 1096 4042 vitant
1126 4008 1223 4057 rapaces
1249 3991 1396 4040 meretricum
1425 4003 1513 4037 manns.

473 4055 572 4105 Sabinas
592 4057 701 4108 mulieres
719 4069 806 4126 raptas,
823 4060 884 4111 duce
901 4062 971 4112 Tatio
1019 4066 1109 4116 Buarr.

473 4129 563 4179 bellum
574 4131 688 4182 11555515
695 4133 835 4184 intulemnt.
1052 4141 1093 4189 56.
1112 4139 1230 4206 Benigm
1240 4138 1317 4205 agea]
1329 4134 1431 4190 Fertilis,
1438 4133 1512 4200 etqui

505 4205 548 4252 51.
566 4204 698 4270 Equites]
717 4207 797 4265 Nunc,
810 4216 838 4258 ut
852 4208 970 4269 ostendat,
1020 4212 1109 4263 1555155
1134 4215 1179 4263 lert
1205 4212 1336 4263 uberrimos.
1373 4208 1511 4258 Cromm-

473 4292 520 4325 non
530 4279 618 4329 bunum
631 4289 743 4330 eventum
758 4282 834 4332 sortiri
851 4283 969 4333 sordidam
1020 4286 1083 4336 Vide
1093 4288 1207 4336 Marium.

472 4351 968 4424 predamadducitexemplumffiphylcs,
1052 4360 1165 4425 Alcinoo]
1191 4358 1245 4409 l'uit
1256 4356 1368 4407 51515555
1383 4352 1511 4405 Nausitlioi

472 4438 526 4486 quo
535 4426 675 4491 Amphiarai
692 4433 787 4496 auguris
802 4432 884 4496 Argivi
902 4447 968 4482 uxor.
1019 4432 1090 4490 filius,
1102 4451 1142 4484 rex
1155 4433 1281 4484 Phaeacum
1288 4432 1438 4498 jussiacum
1465 4430 1510 4479 Hir

472 4494 555 4560 Inquit
565 4498 637 4563 igitur
646 4503 727 4553 Nuo:
744 4505 836 4557 Monilc
846 4505 907 4556 illud
917 4522 969 4555 mu·
1019 4505 1197 4572 diligentissime
1207 4508 1287 4558 hortor
1295 4507 1396 4558 colebat.
