3600 5925
466 725 531 790 394
751 724 790 787 Ρ.
815 720 976 787 OVIDII
1001 722 1211 787 NASONIS

678 1295 727 1368 P.
763 1291 980 1369 OVIDII
1026 1292 1300 1368 NASONIS

832 1498 1145 1590 AMORUM

763 1723 925 1784 LIBER
963 1723 1216 1783 TERTIUS.

891 1962 1088 2014 -ψ-

839 2178 1067 2253 ELEGIA
1105 2179 1135 2254 1.

469 2356 553 2428 Stat
569 2363 688 2439 vetus
707 2363 746 2426 et
763 2353 900 2427 multos
919 2354 1091 2429 incaedua
1107 2354 1200 2429 silva
1216 2378 1283 2454 per
1301 2379 1429 2428 annos.

517 2469 708 2543 Credibile
726 2479 786 2543 est
802 2469 855 2542 illi
873 2492 1014 2542 numen
1031 2470 1155 2545 inesse
1172 2471 1268 2545 loco.

467 2585 566 2660 Fons
577 2608 682 2659 sacer
693 2584 731 2657 in
741 2584 877 2673 medio,
890 2584 1148 2683 speluncaque
1159 2586 1307 2685 pumice
1318 2585 1503 2685 pendens:

517 2700 568 2774 Et
583 2702 700 2775 latere
716 2724 765 2774 ex
782 2700 883 2774 omni
901 2699 1012 2774 dulce
1030 2710 1235 2797 queruntur
1252 2725 1351 2775 aves.

467 2817 540 2891 Hic
558 2840 630 2913 ego
646 2816 737 2889 dum
755 2815 896 2915 spatior
912 2824 1036 2888 tectus
1054 2817 1304 2890 nemoralibus
1320 2817 1504 2900 umbris‚5

517 2932 629 3019 Quod
646 2955 742 3019 mea,
761 2933 989 3030 quaerebam,
1010 2931 1124 3007 Musa
1140 2944 1306 3009 moveret
1322 2957 1430 3033 opus.

466 3048 580 3123 Venit
596 3049 770 3122 odoratos
786 3047 946 3148 Elegeia
963 3071 1062 3123 nexa
1078 3048 1255 3148 capillos:

517 3163 578 3250 Et,
598 3174 702 3262 puto,
722 3189 791 3262 pes
809 3165 862 3239 illi
879 3166 1024 3262 longior
1041 3164 1135 3239 alter
1152 3176 1244 3240 erat.

466 3279 601 3355 Forma
617 3281 778 3356 decens:
805 3281 920 3355 vestis
938 3281 1169 3368 tenuissima,
1185 3281 1309 3354 cultus
1328 3279 1506 3354 amantis:

515 3394 560 3468 ln
578 3395 739 3494 pedibus
752 3396 883 3469 vitium
901 3420 1037 3470 caussa
1052 3396 1198 3471 decoris
1216 3404 1308 3470 erat.
1461 3400 1504 3467 10

498 3663 521 3710 l.
539 3663 704 3720 statuerumt
714 3660 870 3726 nubendum]
884 3662 960 3711 Inter·
1004 3662 1095 3728 sonum
1100 3678 1189 3710 sucrum
1197 3661 1309 3726 Egeriam
1316 3661 1505 3725 intelligerepos·

463 3736 534 3785 missa
543 3735 762 3801 paullulum,quam
770 3745 960 3799 aggressuserat‚
1011 3752 1101 3785 sumus.
1133 3736 1250 3784 Maurus.

461 3808 598 3874 Tragoediu,
615 3810 700 3875 Elegea
717 3809 819 3859 scribere
836 3808 960 3859 deliberet.
983 3867 986 3874 ι
1043 3815 1067 3861 5.
1096 3811 1252 3860 Nouorelibes
1279 3807 1371 3871 ondin]
1406 3808 1435 3857 Id
1461 3816 1505 3862 est,

464 3882 535 3932 Cror.
1010 3884 1140 3941 frondibus,
1157 3899 1211 3948 que
1224 3893 1295 3932 rento
1312 3881 1416 3947 agitate,
1433 3881 1498 3931 uude

497 3955 795 4010 Vetus‚etsrnltosineiduu
802 3956 959 4018 dluuperau·
1010 3974 1062 4006 rum
1072 3957 1174 4023 speciem
1185 3957 1300 4022 prebent.
1331 3953 1378 4004 Sed
1389 3954 1446 4018 quis
1461 3954 1506 4002 boe

462 4027 522 4091 ποι]
541 4027 622 4076 Simile
632 4026 747 4093 quiddam
756 4027 799 4077 lib.
809 4028 843 4078 ir.
854 4030 920 4079 Fert.
1009 4029 1171 4079 duriusculum
1191 4038 1236 4087 est,
1254 4028 1340 4078 rectius
1355 4029 1396 4090 (ut
1411 4026 1460 4074 ridi
1481 4027 1507 4075 iu

493 4102 557 4151 Siloa
567 4104 761 4166 ueturmullopne
776 4105 819 4152 diu
832 4105 918 4154 meloto
927 4121 960 4154 re·
1010 4103 1176 4169 manuscriptis
1201 4101 1383 4169 exemplaribus)
1404 4100 1506 4165 legetur,

556 4178 609 4224 euri
1010 4177 1269 4227 Nemoreliburumbn's.
1303 4175 1417 4223 Mantus.

525 4248 615 4298 Stabat.
627 4275 755 4288 --
1040 4252 1066 4300 6.
1085 4251 1153 4306 Quod
1162 4270 1211 4301 Μ
1223 4251 1342 4315 puerebm
1353 4249 1424 4297 Musa
1435 4266 1505 4298 noce·

459 4320 502 4368 Est
510 4330 590 4370 sutem
600 4323 645 4372 boc
657 4324 711 4374 loco
720 4333 819 4376 venuste
828 4322 957 4374 admodum
1008 4335 1042 4373 ret
1053 4325 1130 4390 opus]
1151 4325 1266 4380 mutui,
1278 4322 1348 4371 idest
1357 4321 1507 4377 exordiendi.

459 4393 599 4454 topothesia.
633 4397 704 4446 Cror.
1007 4400 1078 4448 verbo
1088 4397 1160 4448 etiem
1177 4415 1235 4450 usus
1247 4407 1284 4448 est
1297 4396 1340 4447 lib.
1350 4396 1387 4445 iii.
1404 4396 1471 4446 Post·
1481 4391 1505 4444 ii.

490 4463 515 4509 d.
532 4462 664 4531 Iamdiu]
682 4469 741 4518 Scil.
751 4470 834 4533 sylva.
850 4471 956 4520 Fortasse
1007 4471 1075 4521 Cror.

458 4533 569 4584 describit
579 4536 654 4588 Poeta
663 4540 788 4591 Aricinum
799 4559 890 4592 nemus.
910 4544 956 4592 Per
1037 4547 1061 4594 9.
1082 4545 1185 4608 Vultus]
1206 4544 1307 4594 Rectius
1323 4543 1412 4593 Mureti
1422 4543 1505 4599 codex,
