3600 5925
450 745 516 820 ru
703 819 708 826 ,
745 724 1205 810 r.'0v1o11uusou1s
1253 808 1256 812 ,

450 918 649 993 Munditie
667 914 858 1016 placeant:
886 915 1079 992 fuscentur
1092 939 1252 1015 comora
1269 916 1432 1018 Campo:

501 1035 562 1109 Sit
578 1035 676 1108 bene
693 1032 931 1119 couveniens,
950 1041 990 1106 et
1004 1030 1087 1106 sine
1103 1031 1189 1105 labe
1205 1042 1307 1129 toga,

453 1149 673 1247 Linguaque
686 1172 735 1224 ue
752 1148 892 1245 rigeat:
920 1157 1074 1220 careant
1089 1145 1260 1243 rubigine
1276 1148 1430 1224 dentes:

501 1266 584 1341 Nec
601 1290 719 1363 vagus
736 1264 775 1338 iu
791 1263 877 1338 laxd
893 1286 963 1361 pes
981 1262 1049 1336 tibi
1066 1262 1166 1360 pelle
1182 1274 1298 1337 natet.
1416 1268 1488 1338 516

452 1383 535 1458 Nec
551 1382 649 1456 male
666 1380 850 1456 deformet
865 1378 1005 1476 rigidos
1022 1389 1176 1453 masura
1191 1379 1363 1478 capillos:

500 1498 560 1574 Sit
575 1521 695 1583 coma,
714 1497 764 1570 sit
779 1496 893 1572 docti
911 1494 1030 1569 barba
1041 1504 1189 1569 resecta
1204 1518 1329 1571 mauu.

451 1613 502 1689 Et
517 1614 609 1687 nihil
626 1612 827 1697 emineant,
846 1620 885 1685 et
899 1609 978 1684 sint
996 1608 1078 1683 eine
1094 1609 1267 1684 sordibus
1284 1635 1449 1708 ungues:

500 1729 623 1828 Inque
640 1730 734 1803 cavi
752 1726 876 1801 nullus
893 1735 970 1800 etet
985 1725 1054 1798 tibi
1072 1749 1161 1800 aare
1177 1726 1289 1825 pilus.
1415 1731 1488 1801 520

450 1846 486 1920 N
490 1871 533 1921 oc
551 1847 648 1921 male
664 1844 809 1919 odorati
826 1843 876 1917 sit
893 1840 1008 1917 tristis
1026 1842 1212 1916 anhelitus
1229 1842 1324 1917 oris:

492 1961 583 2045 ‚Neo
600 1962 740 2035 laedant
756 1981 864 2034 nares
880 1959 1012 2056 virque
1029 1969 1212 2057 paterque
1229 1959 1365 2056 gregis.

450 2077 589 2152 Cetera
601 2078 749 2151 laeoivae
766 2075 918 2163 saciant,
936 2076 1113 2163 concede,
1132 2076 1289 2174 puellae:

501 2192 551 2267 Et
568 2194 599 2266 si
617 2193 703 2291 quis
720 2192 818 2267 mule
833 2191 889 2264 vir
906 2191 1041 2288 quaerit
1056 2191 1195 2265 habere
1211 2190 1342 2264 uirum.

450 2307 805 2383 Eoceeuumvatem
815 2304 928 2380 Liber
940 2315 1061 2379 vocat.
1081 2305 1142 2379 hic
1156 2329 1306 2403 quoque
1318 2316 1486 2380 amantes

497 2424 683 2521 Adjuvat;
711 2433 751 2497 ct
766 2423 941 2509 flammae,
959 2425 1039 2520 qud
1057 2423 1155 2497 calet
1171 2422 1264 2520 ipse,
1283 2421 1394 2498 lavet.
1414 2426 1486 2497 526

448 2538 588 2613 Gnosis
605 2539 645 2611 in
661 2537 798 2635 ignotis
815 2561 947 2611 amens
965 2539 1113 2612 errabat
1129 2538 1262 2625 aronio,

498 2652 583 2739 Qua
600 2653 723 2727 brevis
740 2653 924 2750 aequoreis
942 2652 1017 2726 Dia
1034 2652 1162 2727 feritur
1178 2653 1300 2749 aquis.

451 2769 581 2867 thue
596 2779 677 2844 erat
693 2792 717 2842 a
732 2792 863 2842 somno
880 2768 1010 2842 tunicd
1027 2770 1150 2843 velata
1166 2769 1345 2856 recincta,

500 2884 615 2959 Nuda
630 2885 779 2985 pedem,
798 2908 951 2959 croceas
968 2885 1155 2983 irreligata
1170 2909 1319 2973 comas;
1414 2890 1488 2959 530

448 3002 599 3076 Thesea
614 3001 805 3076 crudelem
822 3001 955 3075 surdae
971 3001 1158 3077 clamabat
1174 3003 1223 3076 ad
1241 3002 1373 3088 undas,

499 3116 659 3214 Indigno
677 3129 825 3192 teneras
841 3118 961 3192 imbre
976 3119 1122 3216 rigante
1139 3143 1268 3216 genas.

449 3232 660 3319 Clamabat,
677 3234 870 3332 flebatque
897 3235 1024 3323 simul3
1054 3235 1122 3310 sed
1148 3246 1349 3332 utrumque
1374 3233 1484 3307 dece·

498 3346 534 3419 N
538 3371 582 3421 ec
598 3347 699 3421 sacta
714 3359 774 3423 est
790 3350 953 3423 lacrimis
969 3351 1111 3448 turpior
1128 3350 1191 3425 illa
1208 3351 1298 3424 suis,
1336 3386 1339 3391 ·
1383 3351 1482 3446 [batt

479 3604 537 3654 51³.
549 3598 677 3652 Fercem
687 3603 891 3669 corporesitum]
902 3605 942 3654 Ad
992 3605 1068 3672 Epist.
1080 3605 1096 3653 i.
1104 3603 1158 3654 vide
1166 3603 1269 3653 Cesaub.
1279 3602 1312 3652 ed
1320 3603 1431 3669 Theoph.
1440 3604 1485 3653 Cu·

447 3693 558 3742 campum
568 3676 682 3725 Martium
692 3676 864 3734 reseratione
874 3694 942 3728 exer·
992 3689 1049 3728 raet.
1065 3680 1120 3745 περὶ
1131 3678 1264 3744 ἀγροικίας.
1279 3695 1306 3744 p.
1322 3680 1377 3727 135.
1393 3688 1419 3727 et
1434 3694 1485 3744 seq.

447 3752 535 3800 cebant
551 3749 671 3807 luctando,
690 3749 791 3816 aliisque
805 3749 902 3801 ludicri·
918 3761 943 3802 et
992 3754 1081 3802 Boon.

446 3824 543 3890 quidem
561 3823 619 3873 nudi
645 3833 672 3874 ut
696 3824 833 3893 plurimum.
865 3827 942 3877 Recte
1024 3827 1080 3875 616.
1098 3825 1224 3888 Neeougus
1234 3825 1259 3871 in
1269 3824 1419 3888 lampati&
1426 3827 1487 3887 pelle

445 3900 497 3948 hec
507 3898 761 3964 exercitiepelreetrica
776 3909 848 3965 etque
864 3901 941 3950 ethle·
990 3898 1077 3962 natet]
1091 3897 1130 3947 Sic
1147 3898 1201 3949 νεῖν
1213 3897 1242 3947 ἐν
1257 3899 1311 3956 τοῖς
1324 3897 1419 3963 ἐμβᾶσι,
1428 3897 1484 3945 Ari-

446 3974 495 4022 tica
514 3973 574 4021 inter
594 3972 721 4023 munditiae
740 3975 809 4025 refert
829 3974 940 4025 Ovidius.
990 3973 1184 4039 etoph.liquitib.
1197 3987 1256 4020 vera.
1267 3972 1324 4020 ³21.
1358 3972 1448 4021 una».

445 4044 481 4095 illi
497 4044 569 4099 enim,
581 4046 622 4111 qui
638 4045 791 4095 denudabant
807 4047 942 4113 frequenter
1023 4049 1081 4096 522.
1109 4046 1159 4095 Nec
1184 4048 1253 4094 ledat
1271 4046 1359 4109 naret]
1388 4045 1484 4094 laedant

444 4136 537 4187 corpur,
554 4119 577 4169 ei
595 4119 699 4169 curando
716 4119 804 4171 assidui
817 4120 940 4172 incumbe·
990 4120 1072 4170 iidem.
1090 4119 1138 4170 duo
1148 4127 1263 4186 proterea
1272 4118 1332 4176 libri,
1342 4121 1431 4182 datque
1441 4137 1484 4182 pa·

444 4197 511 4253 bant,
529 4193 621 4243 sordem
641 4210 734 4243 omnem
758 4210 787 4244 ee
807 4195 942 4260 squalorem
991 4203 1067 4257 terque
1081 4196 1166 4259 gregis,
1183 4208 1230 4241 uon
1247 4197 1332 4256 virque,
1347 4192 1411 4257 quod
1429 4209 1485 4243 mox

444 4268 500 4318 iude
511 4267 610 4317 emoliti.
620 4265 663 4316 red
673 4276 698 4317 et
708 4268 757 4317 tole
766 4268 867 4334 oleoque
879 4268 942 4317 inbi-
990 4268 1104 4332 sequitur.
1136 4267 1184 4316 Sed
1193 4266 1280 4332 virgil.
1292 4267 1344 4315 Fal.
1356 4266 1397 4315 vii.
1408 4267 1433 4317 7.

443 4342 499 4403 bita
508 4357 605 4407 corpora
614 4348 699 4407 vegeta
707 4357 735 4391 ac
744 4341 847 4392 colorato
856 4341 939 4391 redde·
1026 4342 1065 4390 Vir
1072 4344 1150 4407 gregis
1160 4344 1279 4405 ipuooper
1287 4345 1443 4392 moverat.

442 4415 537 4463 bantur.
570 4415 622 4465 Hoc
639 4416 738 4481 fatcor-e
763 4432 855 4478 corporo
878 4416 940 4465 dixit
1362 4415 1452 4466 Herus.

443 4486 538 4536 Noster.
559 4488 691 4538 naeuus.
715 4488 939 4554 Haeceadempre-
1020 4491 1077 4541 528.
1095 4490 1143 4538 Dio
1151 4489 1267 4556 seritur-J
1291 4488 1403 4541 Alluitur.
1437 4491 1485 4541 Dia

443 4558 501 4627 cipit
517 4559 599 4611 Horat.
614 4561 656 4612 lib.
672 4563 688 4612 i.
705 4564 756 4612 Sat.
773 4562 806 4613 iii.
825 4574 849 4613 et
865 4563 907 4613 lib.
922 4564 938 4614 i.
988 4562 1065 4613 insula
1075 4563 1152 4614 Crete
1163 4563 1282 4630 adjacens.
