3600 5925
558 698 770 764 AMORUM
795 700 884 764 LIB.
906 700 974 764 ΙΙΙ.
996 705 1029 768 7.
1252 707 1319 774 419

280 870 442 968 Exigere
458 894 482 944 a
498 871 605 944 nobis
623 874 781 969 angusta
801 883 910 946 nocte
929 873 1142 962 Corinnam,
1266 886 1316 955 25

329 986 396 1062 Me
412 988 564 1061 memini
582 1011 754 1061 numeros
772 988 994 1063 sustinuisse
1011 1013 1155 1066 novem.

279 1102 381 1176 Num
398 1126 483 1178 mea
499 1102 717 1176 Thessalico
734 1102 913 1201 languent
929 1104 1065 1180 devota
1079 1130 1222 1182 veneno

329 1219 519 1319 Corpora?
545 1244 634 1292 num
652 1221 788 1294 misero
805 1242 955 1295 carmen
969 1230 1008 1295 et
1024 1222 1141 1297 herba
1158 1227 1315 1300 nocenti

280 1336 425 1435 Sagave
443 1337 611 1437 poenicea
628 1336 759 1411 defixit
776 1337 1041 1424 nomina-cert,

328 1452 378 1528 Et
394 1455 558 1529 medium
575 1466 708 1528 tenues
727 1454 764 1526 in
777 1455 885 1549 jecur
903 1453 980 1549 egit
997 1456 1109 1527 acusl
1265 1459 1315 1529 30

278 1569 453 1645 Carmine
470 1571 560 1646 laesa
578 1569 695 1644 Ceres
713 1568 877 1643 sterilem
893 1569 1061 1643 vanescit
1081 1569 1120 1642 in
1137 1570 1312 1645 herbam:

327 1683 516 1760 Deficiunt
531 1685 611 1759 laesi
628 1684 792 1759 carmine
809 1682 923 1757 sontis
940 1707 1066 1783 aquae3

277 1798 431 1874 Ilicibus
449 1802 615 1898 glandes,
635 1811 861 1898 cantataque
877 1800 1015 1873 vitibus
1032 1823 1105 1873 uva

326 1915 495 2006 Decidit3
524 1929 565 1991 et
581 1919 682 1992 nullo
699 1940 812 2016 poma
828 1927 1000 1991 movente
1018 1916 1149 1989 fluunt.

277 2030 377 2115 Quid
394 2042 495 2106 vetat
512 2042 551 2110 et
568 2057 700 2107 nervos
717 2033 882 2130 magicas
899 2043 1047 2131 torpere
1063 2054 1132 2129 per
1149 2032 1269 2106 artes?

327 2146 497 2222 Forsitan
513 2149 712 2247 impatiens
729 2150 779 2223 sit
795 2149 892 2222 latus
910 2147 998 2221 inde
1015 2169 1152 2220 meum.
1264 2149 1312 2218 36

276 2259 361 2335 Huc
379 2262 499 2361 pudor
515 2265 691 2339 accessit:
720 2264 808 2339 sacti
826 2264 947 2362 pudor
964 2263 1046 2361 ipse
1063 2262 1241 2336 nocebat:

326 2375 395 2450 Ille
413 2376 483 2452 fuit
499 2379 577 2453 vitii
595 2403 729 2456 caussa
746 2378 912 2453 secunda
929 2378 1015 2451 mei.

276 2489 326 2565 At
343 2494 492 2590 qualem
509 2495 583 2570 vidi
601 2506 747 2570 tantum
764 2495 945 2592 tetigique
964 2493 1138 2591 puellam,

327 2606 390 2681 Sic
409 2611 520 2682 etiam
539 2612 667 2684 tunicis
685 2612 849 2706 tangitur
866 2611 949 2709 ipsa
965 2610 1044 2681 sud.
1262 2614 1314 2680 40

273 2925 337 2991 qnod
349 2941 433 2977 nomen
449 2927 579 2986 suadelam,
588 2937 616 2978 ut
626 2929 704 2979 latini
715 2946 765 2980 ver·
815 2930 983 2998 proponebant,
1005 2928 1093 2979 additis
1119 2928 1310 2979 incantamentis.

272 3011 359 3058 terunt,
368 3001 493 3066 significat.
516 3003 596 3061 Quare
606 3020 652 3053 non
662 3004 766 3061 credula,
817 3018 990 3069 nonnumquam
1002 3013 1027 3053 et
1036 3003 1084 3067 igni
1095 3003 1252 3052 admovebant
1261 3003 1312 3052 bae

272 3073 397 3124 reductive
406 3076 663 3144 petimesquselucile
670 3094 766 3144 persna-
815 3077 949 3134 simulacra,
965 3077 999 3126 sic
1013 3088 1041 3127 ut
1057 3076 1181 3143 paullatim
1196 3076 1313 3142 liquesce·

273 3147 328 3197 dest
337 3149 541 3216 eliis,sceipienda
549 3161 594 3200 est.
613 3151 766 3201 tunsarum
816 3162 875 3200 rent.
898 3150 996 3215 quade
1022 3167 1047 3199 re
1067 3150 1140 3200 habes
1163 3150 1269 3211 nonnihil
1288 3152 1313 3199 in

273 3222 380 3272 aGreco
391 3222 476 3286 Διβιῖν
485 3222 585 3273 derivari
596 3224 766 3291 videtur,quod
819 3223 1011 3273 Pbmmacsntria
1029 3220 1171 3289 Virgilium.
1204 3223 1312 3274 Alterum

274 3294 348 3345 libare
364 3296 528 3363 acdegustsre
538 3298 668 3358 siguificat:
692 3299 768 3349 sivea
816 3297 1311 3363 incantamentiacdevotionisgenns,cum

272 3368 473 3428 libandisoscolis,
480 3372 550 3421 sivea
561 3371 766 3438 libandovinoap-
815 3370 911 3420 tabellis
927 3370 1087 3420 inscribebant
1098 3369 1192 3419 illorum
1208 3371 1312 3424 nomina.

271 3442 382 3507 pellatam
393 3442 467 3491 dicas.
499 3443 766 3509 Antcerteantlidln,
815 3444 1311 3512 quosdefixesacdevotosenpiebant,ea-

271 3513 335 3579 quod
351 3514 441 3564 stillare
453 3514 584 3580 significat:
602 3517 665 3567 unde
679 3517 765 3581 Λιβᾶς,
814 3516 917 3585 demque
933 3518 1029 3568 nomina
1045 3517 1106 3584 pari,
1118 3526 1144 3566 ut
1161 3517 1250 3566 dictum
1266 3527 1311 3577 est,

271 3597 349 3651 gutta,
359 3588 397 3636 vel
407 3588 531 3654 scaturigo.
557 3591 653 3640 Mrcrr..
814 3591 883 3641 modo
892 3592 1066 3649 confodiebant,
1077 3601 1119 3639 not
1134 3591 1309 3656 imprecationi·

302 3662 343 3710 29.
360 3661 446 3728 Sogane
465 3662 568 3713 Puniceo
584 3666 662 3729 definit
675 3668 765 3714 nonina
813 3663 858 3714 bns
868 3665 991 3731 adscriptis
1001 3663 1156 3721 devovebant,
1165 3672 1192 3712 ut
1208 3678 1261 3711 mox
1273 3664 1308 3712 vi·

269 3734 342 3800 cerm]
361 3736 438 3785 Iocus
449 3752 495 3786 uon
511 3737 568 3787 satis
583 3738 717 3789 intellectus
732 3741 763 3788 ab
812 3735 930 3787 dabimus.
945 3738 1057 3788 Tabellas
1065 3738 1119 3786 ceri
1130 3739 1199 3786 rubra
1206 3736 1308 3803 plerum·

268 3809 441 3875 interpretibus.
483 3812 611 3878 Duplicern
641 3812 764 3862 defixionis
812 3808 1307 3875 qneoblitaslnissediscimnserdmornm

163 3908 170 3921 =
268 3885 367 3950 magice
377 3884 496 3935 modum
504 3887 598 3935 Nasone
609 3884 710 3935 describi
720 3886 761 3934 ob·
811 3882 871 3931 libro
888 3882 1109 3949 primoElegiuii.
1125 3884 1166 3933 nbi
1184 3883 1309 3935 lateralia

267 3973 395 4017 servamus,
413 3975 461 4025 qua
477 3960 598 4008 absentem
615 3959 763 4008 devovebant
812 3955 842 4005 sd
853 3972 931 4006 ceram
943 3958 1092 4008 tabellarem:

266 4045 329 4096 sagn
349 4044 531 4097 quemcumque.
564 4031 673 4081 Alterum
690 4032 763 4082 babes
844 4031 1002 4094 Attsmpuum
1012 4034 1187 4096 mininpennitas
1195 4035 1305 4083 medicare

268 4103 412 4170 Hypsipyles
421 4103 566 4171 Epistolavi.
576 4106 618 4154 91.
629 4103 762 4162 deMedea,
907 4108 1008 4164 mitiss,

268 4175 367 4225 Devovet
391 4180 489 4227 ubantes
514 4178 679 4242 simulacraque
698 4196 762 4227 emsa
876 4177 1306 4245 lllscoloroeresenguinolentuserut.

258 4248 326 4314 figit.
348 4249 481 4299 Seviebsnt
491 4249 600 4300 nimirum
610 4251 678 4316 stylis
688 4251 761 4301 aneis
811 4250 844 4301 Ut
851 4251 902 4316 jam
913 4250 1073 4316 intelligamus
1082 4268 1133 4309 cur,
1141 4269 1194 4301 cers
1203 4253 1305 4303 Puniceo

268 4322 506 4373 acnbnsveveueflcra
521 4339 550 4373 sc
566 4340 642 4390 mega
653 4324 760 4375 insimn·
809 4326 878 4391 defigi
896 4327 987 4374 nomine
1005 4324 1090 4376 dixerit
1108 4325 1147 4375 hic
1167 4325 1212 4375 loci
1231 4327 1305 4380 Naso.

266 4394 332 4442 laem
347 4411 377 4444 ex
394 4395 448 4444 cert
465 4397 564 4447 formata
580 4398 610 4447 ad
627 4398 759 4448 similitudi·
809 4397 899 4449 Herus.

268 4482 322 4523 uem
348 4466 448 4525 illorum,
469 4485 527 4535 qnos
547 4471 697 4523 devovendus
715 4471 761 4521 sibi

843 4552 912 4601 aet
