3600 5925
511 777 652 846 ARTIS
678 777 946 846 AMATORIAE
969 781 1060 846 LIB·
1085 784 1113 847 1.
1275 787 1340 850 lov

296 951 393 1027 'l'um
409 953 457 1028 de
475 962 513 1027 te
530 962 670 1027 narret:
699 962 779 1025 tum
797 953 1062 1050 persuadentia
1077 956 1191 1030 verba

345 1069 489 1160 Addat;
518 1080 557 1144 et
574 1070 704 1146 insano
717 1072 819 1167 juret
836 1093 963 1144 amore
980 1071 1086 1144 mori.

296 1186 373 1261 Sed
391 1210 561 1287 propera,
580 1210 627 1262 nc
643 1187 728 1261 vela
744 1186 893 1273 cadant,
913 1210 1090 1284 auraeque
1109 1188 1285 1263 residant.

347 1301 401 1377 Ut
416 1302 557 1401 fragilis
575 1303 727 1399 glacies
747 1301 874 1375 interit
891 1301 945 1375 ira
962 1302 1078 1375 mora.

295 1415 453 1506 Quaeris,
472 1443 520 1495 an
537 1421 633 1493 hanc
650 1419 770 1517 ipsam
791 1419 910 1518 prosit
924 1418 1055 1493 vitiare
1073 1420 1303 1494 ministram?

344 1533 498 1609 Talibus
515 1534 689 1609 admissis
707 1535 790 1608 alea
806 1533 957 1631 grandis
975 1534 1085 1609 inest.
1263 1540 1337 1609 376

295 1648 389 1725 Hoec
406 1674 430 1725 a
445 1651 647 1727 concubitu
663 1650 707 1725 {lt
722 1650 869 1739 sedula3
898 1650 1038 1724 tardior
1055 1650 1135 1726 illa:

345 1764 439 1842 Hoec
455 1768 616 1843 dominae
635 1790 770 1841 munus
787 1776 826 1841 te
843 1775 964 1864 parat,
983 1765 1047 1839 illa
1063 1767 1148 1839 sibi.

292 1880 417 1956 Casus
435 1883 473 1960 in
490 1893 625 1959 eventu
642 1893 713 1957 est.
731 1882 821 1956 licet
837 1881 919 1955 haec
938 1881 1130 1979 indulgeat
1147 1881 1265 1967 ausis;

344 1996 552 2074 Consilium
568 2009 694 2075 tamen
713 2009 772 2074 est
789 1995 1016 2072 abstinuisse
1034 2021 1171 2071 meum.
1263 2001 1337 2070 380

295 2111 382 2187 Non
399 2137 470 2212 ego
487 2139 555 2215 per
568 2137 736 2215 praeceps
753 2125 793 2188 et
809 2123 921 2186 acuta
937 2113 1134 2186 cacumina
1149 2113 1302 2187 vadam:

343 2227 426 2303 Ncc
439 2232 619 2328 juvenum
636 2231 850 2327 quisquam,
870 2253 931 2303 mc
947 2229 1057 2315 duce,
1076 2239 1210 2328 captus
1228 2228 1309 2303 erit.

295 2343 336 2418 Si
353 2354 479 2419 tamen
498 2345 563 2419 illa
578 2345 660 2430 tibi,
679 2345 770 2417 dum
787 2344 864 2428 dat,
884 2343 1093 2441 recipitque
1110 2343 1281 2428 tabellas,

254 2523 258 2526 .
344 2460 523 2559 Corpore,
541 2484 615 2534 non
632 2471 779 2535 tantum
797 2457 1009 2543 sedulitate,
1029 2459 1172 2557 placet;

293 2573 369 2650 Fac
386 2575 538 2650 dominb
554 2576 697 2674 potiare
714 2576 836 2674 prins;
865 2597 992 2648 comcs
1011 2574 1075 2647 illa
1091 2584 1283 2672 sequatur.

343 2689 429 2765 Nou
446 2690 514 2765 tibi
532 2692 579 2765 ab
598 2692 734 2766 ancilib
752 2702 812 2766 est
829 2689 1043 2787 incipienda
1058 2687 1201 2763 Venus.
1263 2692 1336 2761 386

292 2803 377 2881 Hoc
394 2830 510 2880 unum
528 2831 663 2882 moneo
680 2808 729 2903 (si
748 2807 840 2905 quid
858 2806 971 2879 modo
988 2805 1154 2880 creditur
1170 2807 1258 2892 arti;

343 2919 426 2998 Nec
443 2945 529 2998 mea
544 2924 646 2998 dicta
663 2947 779 3024 rapax
797 2947 867 3024 per
882 2947 984 2998 mare
1002 2933 1134 2996 ventus
1151 2921 1261 3017 agit.)

292 3037 370 3113 Aut
386 3063 460 3113 non
476 3040 647 3128 tentbris,
666 3050 731 3114 aut
747 3039 899 3139 perfice.
919 3039 1060 3114 tollitur
1077 3037 1209 3124 index3

342 3153 441 3228 Cum
458 3155 574 3229 semel
593 3155 632 3227 in
648 3166 792 3254 partem
811 3154 977 3229 criminis
991 3154 1075 3251 ipsa
1091 3153 1205 3226 venit.
1262 3156 1336 3227 390

291 3350 386 3403 reddat.
412 3354 554 3404 Mrcrnnua.
581 3355 730 3422 Pctemipu
739 3356 788 3405 Re·
838 3353 1051 3422 indulgentem]
1086 3353 1197 3420 Expone:
1215 3353 1283 3403 Licet
1298 3353 1337 3403 bic

290 3424 352 3491 gina
368 3425 534 3491 alinapoterue
549 3432 604 3492 ipsa.
621 3428 680 3479 nihil
697 3429 789 3480 videtur
839 3439 947 3487 eventus,
964 3428 1014 3477 sire
1029 3442 1106 3484 auus.
1122 3427 1167 3476 boc
1183 3438 1219 3477 est
1235 3428 1336 3485 innunt,

200 3542 203 3546 1
291 3498 441 3549 mutandum.
473 3500 529 3550 Non
539 3502 625 3568 poteria
635 3500 789 3553 vieemilliin
839 3504 964 3569 indulgeat
976 3502 1047 3552 ausis.
1079 3501 1177 3550 Mrcra.

291 3570 393 3622 amando
404 3572 498 3622 reterre.
532 3573 621 3627 riusa.
871 3580 928 3629 339.
944 3577 1045 3626 Tollitur
1061 3579 1137 3633 index,
1156 3576 1214 3624 Cam
1230 3578 1295 3626 semel
1310 3580 1337 3627 ie

323 3646 380 3695 ³7³.
396 3645 441 3695 Sed
454 3663 559 3712 propera,
578 3666 607 3698 m
629 3652 678 3699 uela
696 3653 789 3708 cadunt,
837 3662 926 3716 partem
937 3653 1039 3701 amini·
1049 3651 1092 3698 illo
1102 3649 1188 3714 venia]
1219 3650 1274 3699 Non
1284 3658 1339 3700 ten·

290 3723 373 3784 ireque
393 3722 516 3789 residunt]
549 3722 579 3773 Iu
603 3723 790 3774 commelininno
838 3736 889 3776 tum
900 3725 930 3775 de
942 3724 1037 3781 indicio,
1047 3722 1111 3790 quod
1121 3723 1152 3772 ad
1162 3723 1282 3773 dominam
1292 3722 1336 3773 de·

290 3804 342 3844 erat
351 3794 437 3860 glossa,
446 3798 486 3845 ced
493 3813 597 3862 propera.
611 3797 636 3847 id
647 3807 690 3855 eet,
702 3801 789 3847 vindic·
839 3800 893 3851 ierri
908 3807 993 3866 potest,
1008 3797 1186 3863 accipiendum:
1204 3796 1247 3847 sed
1261 3797 1338 3865 megin

290 3877 336 3917 taur
352 3884 414 3917 eume
426 3870 554 3934 depelllce:
571 3872 679 3921 utverbn
689 3871 735 3921 sint
747 3887 789 3921 au-
838 3874 869 3925 de
880 3889 917 3931 eo.
928 3871 992 3939 quod
1009 3871 1040 3922 ad
1054 3872 1139 3929 virum.
1153 3872 1202 3921 sive
1219 3872 1337 3923 meritum.

291 3941 352 3993 cillo
364 3942 395 3992 ad
403 3943 532 3994 domium.
542 3944 606 3994 etita
614 3960 669 3995 eum
679 3944 789 4011 Micyllo,
838 3948 908 4015 quari
917 3947 1017 4003 diceret.
1026 3961 1148 4011 nunquam
1153 3944 1233 3996 illade
1240 3945 1338 3996 domine

290 4015 457 4082 refer-revisens
467 4015 521 4074 erit,
533 4016 616 4068 ulcisci
629 4017 731 4068 ementis
746 4034 788 4068 ve·
839 4019 954 4071 indicabit
968 4020 1061 4077 marito,
1071 4027 1195 4087 postquam
1210 4018 1263 4086 ipsa
1277 4035 1336 4086 quo·

291 4088 347 4139 teria
362 4089 495 4157 perfidiam,
511 4089 553 4156 qui
573 4090 693 4158 pellicem,
709 4090 734 4141 id
753 4099 790 4141 est
839 4093 919 4161 quein
930 4092 1015 4142 eadem
1025 4092 1097 4159 culpa
1106 4090 1158 4149 erit,
1167 4102 1192 4142 et
1199 4091 1225 4141 in
1234 4093 1335 4144 societt-

290 4162 789 4232 tliamemicamprnsertmalotameuad
840 4176 888 4216 tem
898 4166 1086 4217 criminirrcuit.
1104 4167 1248 4216 Mucianus.
1282 4167 1337 4217 Pel·

291 4236 389 4286 Po‘e'tam
404 4238 498 4296 reterre,
509 4239 550 4304 qui
567 4248 646 4290 mouet
662 4255 788 4306 properan-
839 4244 899 4291 litor
909 4244 977 4291 iudet
987 4239 1146 4307 Μυσίῳ
1156 4238 1338 4293 subtectione

290 4308 347 4360 dnm
365 4326 425 4369 eme,
442 4310 500 4363 dum
516 4312 605 4379 puella,
621 4312 679 4363 lasa
693 4312 788 4379 pellice,
837 4331 882 4380 ego
891 4324 950 4380 puto
960 4329 1055 4364 nusum
1064 4314 1157 4371 esseni
1171 4313 1225 4380 quis
1240 4315 1339 4366 teum

291 4382 350 4433 inm
361 4384 494 4452 conceperit
504 4395 585 4436 contra
601 4396 729 4443 amntem.
739 4401 787 4452 qno
837 4388 907 4438 modo
923 4388 1044 4445 ancillam,
1060 4403 1108 4438 non
1123 4386 1255 4455 perlecerit,
1266 4388 1335 4440 illum

291 4465 396 4523 tempore
418 4465 475 4524 apte
495 4460 549 4527 capi
572 4461 624 4527 ejus
649 4476 716 4511 meua
742 4469 787 4511 est.
837 4462 936 4529 perdere
953 4460 1075 4519 audilam,
1091 4478 1146 4528 qua
1162 4462 1234 4513 iudex
1250 4472 1295 4524 eet,
1311 4473 1337 4514 et

292 4531 382 4580 Banu.
837 4534 917 4585 omnia
926 4534 992 4585 dicta
1001 4544 1027 4585 et
1036 4536 1100 4585 lacta
1111 4535 1211 4587 domine
1227 4539 1338 4589 amatoris

324 4606 380 4655 979.
396 4605 467 4654 catur
482 4609 506 4655 in
523 4618 604 4659 ereum
621 4618 662 4664 ert,
681 4611 733 4659 licet
751 4611 787 4658 lie
837 4608 917 4665 resen,
927 4617 954 4658 ut
964 4624 1019 4658 mox
1030 4608 1096 4659 dicit.
1129 4610 1216 4660 Buten.

900 4689 977 4740 uta
