3600 5925
523 757 956 838 ARTIS'AMATORIAE
978 771 1069 837 LlB.
1093 773 1122 838 Ι.
1276 777 1340 842 461

305 936 411 1018 Tunc
429 943 549 1043 aperit
565 953 722 1030 mentes,
742 967 821 1016 aevo
838 943 1026 1019 rarissima
1042 958 1180 1031 nostro,

356 1056 606 1159 Simplicitas3
634 1070 733 1135 artes
750 1060 965 1134 excutiente
983 1061 1079 1136 Deo.

305 1173 387 1249 Illic
405 1199 507 1274 saepe
525 1171 668 1250 animos
681 1178 861 1274 juvenum
879 1200 1036 1275 rapuere
1053 1179 1210 1277 puellae:

356 1288 407 1364 Et
421 1289 550 1364 Venus
567 1291 605 1363 in
621 1291 729 1377 vinis,
747 1291 844 1388 ignis
862 1291 900 1364 in
913 1292 1000 1388 igne
1016 1291 1098 1367 fuit.

306 1402 380 1479 Hic
397 1416 438 1479 tu
456 1404 578 1480 fallaci
596 1405 751 1479 nimium
769 1429 817 1480 ne
833 1406 945 1480 crede
962 1406 1137 1482 lucemae.
1267 1413 1341 1484 245

353 1518 377 1593 J
381 1521 505 1595 udicio
521 1520 647 1596 formae
665 1545 817 1619 noxque
834 1544 1053 1619 merumque
1071 1534 1219 1597 nocent.

307 1633 408 1711 Luce
424 1637 515 1711 deas
532 1636 704 1734 coeloque
722 1637 829 1711 Paris
847 1638 1031 1737 spectavit
1047 1650 1197 1737 aperto;

356 1750 455 1824 Cum
471 1752 569 1826 dixit
584 1751 735 1839 Veneri,
752 1752 883 1836 Vincis
902 1763 1112 1852 utramque,
1130 1754 1271 1830 Venus.

306 1865 429 1943 Nocte
445 1868 564 1943 latent
579 1869 738 1956 mendae,
756 1870 922 1967 vitioque
939 1869 1144 1967 ignoscitur
1160 1873 1283 1946 omni:

354 1981 534 2080 Horaque
551 1982 749 2059 formosam
767 1987 976 2083 quamlibet
992 1986 1057 2059 illa
1072 1985 1173 2060 facit.
1267 1993 1343 2062 250

306 2097 472 2173 Consule
488 2099 537 2174 de
554 2095 724 2195 gemmis,
743 2100 926 2175 de‘tincta
943 2101 1083 2176 murice
1101 2101 1206 2191 laum

356 2212 522 2289 Consule
538 2215 587 2289 de
604 2214 698 2289 facie
715 2217 1011 2315 corporibusque
1027 2216 1141 2291 diem.

306 2327 406 2414 Quid
423 2330 492 2404 tibi
509 2329 690 2406 femineos
708 2341 839 2418 coetus,
857 2332 1054 2406 venatibus
1071 2342 1193 2429 aptos,

356 2444 605 2520 Enumereml
632 2469 787 2520 numero
804 2446 916 2521 cedet
932 2469 1045 2520 arena
1061 2468 1158 2520 meo.

305 2557 405 2644 Quid
423 2560 579 2635 referam
598 2560 725 2658 Bajas,
745 2571 1004 2659 praetextaque
1020 2560 1129 2634 litora
1144 2560 1249 2642 velis,
1267 2567 1342 2636 255

355 2672 418 2761 Et,
437 2699 522 2772 quae
539 2676 588 2749 de
604 2676 725 2749 calido
742 2674 881 2749 sulfure
898 2674 1031 2761 fumat,
1046 2676 1209 2773 aquaml

306 2787 406 2862 Hinc
424 2789 559 2887 aliquis
575 2790 710 2864 vulnus
728 2789 892 2864 reserens
907 2789 946 2862 in
963 2800 1128 2888 pectore,
1146 2789 1263 2878 dixit3

355 2903 443 2978 Non
460 2904 541 2980 haec
559 2905 620 3003 (ut
635 2903 734 2981 fama
751 2902 827 2999 est)
845 2903 947 2978 unda
963 2904 1122 2979 salubris
1139 2914 1231 2980 erat.

306 3018 406 3094 Ecce
424 3021 647 3094 suburbanae
662 3019 844 3118 templum
862 3020 1051 3095 nemorale
1069 3019 1215 3107 Dianae,

353 3133 544 3233 Partaque
561 3159 629 3234 per
647 3134 790 3232 gladios
808 3158 924 3232 regna
940 3147 1100 3210 nocente
1118 3159 1243 3210 manu.
1267 3142 1342 3212 260

335 3412 393 3461 249.
411 3411 524 3477 Mende]
543 3412 596 3463 Hoc
615 3428 682 3463 versu
699 3422 797 3464 utuntur
846 3415 1013 3480 centenam]
1039 3414 1110 3465 Hunc
1128 3416 1206 3465 locum
1222 3431 1269 3465 non
1285 3417 1344 3467 satis

303 3484 395 3551 antiqui
405 3485 570 3543 Grammatici,
581 3495 609 3536 ut
615 3485 717 3537 doceant
726 3487 796 3536 dille·
846 3487 951 3554 explicat
966 3489 1094 3555 interpres.
1109 3505 1164 3538 nam
1179 3491 1250 3555 poeta
1267 3489 1341 3539 bisto-

303 3556 405 3606 rentism
413 3561 497 3607 monde
507 3566 532 3608 ct
541 3562 626 3608 mendi.
658 3561 722 3611 Vide
730 3561 796 3611 Cha·
846 3560 904 3610 riam
915 3570 940 3612 et
956 3579 1043 3612 morem
1055 3562 1140 3628 tangit,
1151 3578 1199 3628 quo
1209 3562 1342 3612 sacerdotes

303 3628 344 3679 ris.
361 3646 419 3697 pag.
434 3633 474 3680 55.
506 3632 609 3695 Eutych.
624 3649 682 3699 pag.
700 3634 796 3682 21.st
846 3634 910 3699 apud
927 3634 1032 3684 Ariciam
1048 3634 1089 3683 alii
1109 3634 1161 3683 aliis
1176 3634 1343 3683 succedebant,

302 3711 328 3752 et
338 3704 457 3753 Incestum
467 3720 521 3770 psg.
530 3706 603 3755 2791.
635 3708 723 3757 Bonis.
847 3706 972 3757 Nouenirn
983 3707 1079 3772 ingenui
1089 3707 1133 3756 boc
1143 3707 1342 3765 munusobibant,

335 3780 393 3829 253.
404 3779 467 3834 Quid
474 3780 637 3846 tibisoesrineos
644 3791 722 3839 cetos,
729 3797 797 3831 oere-
845 3780 889 3829 sed
898 3780 968 3837 servi,
979 3780 1098 3845 iidemque
1109 3781 1209 3846 fugitivi.
1235 3780 1284 3838 Qui
1295 3781 1342 3831 siu·

303 3853 363 3901 ribus
380 3852 463 3916 aptos]
482 3852 537 3902 Non
553 3852 656 3918 loquitur
673 3853 712 3903 bie
727 3856 799 3919 polita
847 3854 924 3919 gulari
940 3854 1068 3904 certamine
1086 3855 1146 3905 iuter
1162 3872 1213 3905 sese
1227 3855 1341 3905 dimican-

303 3925 425 3991 desylris,
432 3935 457 3976 et
467 3926 608 3975 venantibus
615 3926 760 3986 mulieribus,
771 3936 798 3977 ut
847 3934 892 3984 tes,
913 3943 967 3976 cum
986 3928 1082 3977 victoria
1098 3929 1171 3978 etiarn
1187 3929 1342 3980 sacerdotium

303 3999 398 4049 Merula
421 4009 498 4066 putat,
523 3999 648 4064 locumque
674 4000 798 4051 luvenalis
848 3999 1053 4066 adipiscebantur:
1097 4017 1235 4069 semperque
1268 4004 1343 4054 victor

302 4072 382 4137 inepte
392 4072 497 4137 allegat:
507 4071 559 4130 sed,
566 4072 641 4131 Quid,
648 4072 734 4137 inquit,
740 4089 798 4124 suu·
847 4073 919 4131 idem,
925 4086 950 4123 es
955 4090 1076 4124 successor
1083 4077 1246 4125 alterimesat.
1263 4079 1342 4136 Quem

304 4160 392 4194 ruerem
409 4145 452 4195 tibi
470 4152 548 4195 coetus
565 4153 589 4195 ct
606 4146 799 4211 congregationes
847 4162 936 4196 rnorem
962 4148 1092 4198 Pausanias
1121 4150 1147 4198 in
1177 4150 1343 4211 Corinthiacis,

303 4217 427 4268 mulierum
442 4234 532 4277 omues,
546 4219 572 4268 in
588 4218 683 4284 quibus,
699 4230 741 4269 aut
757 4220 797 4270 ubi
848 4218 977 4269 etiamnum
1004 4221 1053 4270 suis
1080 4223 1222 4288 temporibus
1245 4223 1342 4274 dumne

303 4292 376 4341 liceat
394 4308 435 4342 ess
449 4302 504 4358 apte
520 4309 548 4343 ec
567 4293 687 4343 commode
700 4293 798 4343 senarii
847 4293 938 4342 scribit.
957 4294 1003 4343 Per
1010 4311 1110 4359 regnum
1120 4311 1176 4360 ergo
1185 4297 1341 4348 sacerdotium

303 4364 348 4414 boc
364 4374 408 4421 est,
425 4364 603 4433 circumspicere
621 4376 692 4432 atquc
710 4367 797 4432 eligere
848 4366 964 4431 intellige.
987 4383 1042 4416 nam
1063 4379 1087 4417 et
1107 4369 1158 4434 ipse
1176 4371 1285 4421 sacerdos
1301 4389 1341 4421 rex

304 4455 365 4504 quas
376 4454 455 4488 ames:
474 4441 553 4505 plures
570 4441 634 4490 enim
648 4452 711 4499 sunt,
726 4458 798 4508 qnam
848 4441 980 4498 nemoralis,
995 4458 1113 4491 enemore
1123 4441 1176 4491 scil.
1186 4442 1291 4501 Aricina
1302 4444 1342 4493 ubi

305 4522 331 4560 ut
340 4512 457 4561 numerari
468 4513 614 4578 possinttrc.
636 4515 733 4564 Mrcru.
848 4515 962 4582 templum
971 4516 1021 4567 dere
1028 4526 1085 4575 erat,
1095 4518 1230 4569 vocabatur.
1246 4519 1342 4570 Micrt.

336 4585 392 4635 w).
409 4585 524 4650 Partaque
532 4605 574 4650 per
583 4590 670 4653 gladios
681 4606 752 4654 regua
760 4608 798 4638 rso·
