3600 5925
488 765 553 830 840
788 763 826 826 Ρ.
854 762 1014 828 OVIDII
1032 761 1248 828 NASONIS

491 938 527 1011 N
530 962 578 1011 on
596 960 685 1010 acus
704 936 863 1034 abrupit,
882 960 956 1010 non
973 937 1090 1009 vallus
1107 937 1278 1034 pectinis,
1298 937 1399 1012 illos:
1474 942 1519 1014 15

541 1052 718 1125 Ornatrix
735 1061 817 1125 tuto
834 1076 988 1150 corpore
1005 1076 1153 1151 semper
1170 1065 1260 1127 erat.

490 1168 589 1242 Ante
606 1193 709 1242 meos
727 1192 828 1266 saepe
845 1181 904 1242 cst
920 1170 1048 1242 oculus
1067 1179 1216 1257 omata3
1247 1193 1316 1243 nec
1334 1193 1512 1267 umquam

542 1283 702 1356 Brachia
719 1283 873 1381 derepta
890 1284 1017 1357 saucia
1034 1283 1123 1358 lecit
1142 1308 1223 1358 acu.

492 1397 603 1496 Saepe
620 1399 744 1484 etiam,
763 1399 928 1472 nondum
942 1399 1098 1495 digestis
1115 1423 1224 1482 mane
1241 1400 1398 1498 capillis,

540 1513 733 1613 Purpureo
746 1514 866 1611 jacuit
882 1515 1110 1613 semisupina
1126 1525 1218 1589 toro.
1471 1521 1520 1588 20

489 1630 586 1703 Tum
594 1655 747 1728 quoque
757 1642 837 1705 erat
848 1632 1019 1728 neglecta
1027 1631 1184 1706 decens:
1203 1641 1246 1703 ut
1254 1629 1413 1705 Threcia
1424 1630 1519 1704 Bac·

496 1810 499 1815 .
540 1745 638 1819 Cum
656 1758 794 1821 temere
811 1747 850 1820 iu
866 1748 973 1822 viridi
991 1750 1156 1844 gramine
1173 1748 1273 1821 lassa
1284 1749 1399 1841 jacet.
1419 1747 1517 1841 [chc,

490 1862 589 1935 Cum
607 1864 763 1959 graciles
781 1875 907 1938 essent
923 1875 1060 1950 tamen,
1080 1876 1119 1939 et
1134 1863 1318 1960 lanuginis
1336 1864 1470 1950 instar3

539 1977 626 2052 Heu
643 1981 742 2054 mala
757 1991 900 2055 vexatae
920 1993 1061 2079 quanta
1076 1983 1194 2055 tulere
1211 1979 1347 2053 comae!

489 2092 612 2178 Quam
630 2120 670 2168 sc
688 2097 927 2194 praebuerunt
943 2097 1039 2171 ferro
1057 2097 1240 2195 patienter
1257 2106 1295 2168 et
1311 2093 1407 2190 igni;
1469 2096 1518 2165 25

539 2208 594 2283 Ut
610 2210 715 2284 fieret
731 2222 829 2284 torto
845 2212 980 2285 flexilis
998 2212 1088 2286 orbe
1105 2210 1228 2284 sinus!

489 2324 720 2412 Clamabam,
742 2325 873 2399 Scelus
892 2336 961 2412 est,
978 2328 1069 2401 istos
1087 2326 1210 2400 scelus
1228 2348 1333 2397 urere
1351 2323 1482 2396 crines.

539 2440 682 2538 Sponte
699 2441 854 2515 decent:
883 2443 1009 2540 capiti,
1029 2442 1158 2528 ferrea,
1177 2464 1287 2539 parce
1304 2450 1381 2512 tuo.

487 2553 572 2627 Vim
591 2557 719 2653 procul
735 2557 821 2630 hinc
840 2581 999 2632 remove.
1027 2583 1102 2631 non
1120 2568 1178 2631 est
1195 2557 1260 2654 qui
1277 2555 1414 2628 debeat
1430 2554 1506 2639 uri;

536 2669 670 2744 Erudit
687 2673 854 2746 admotas
873 2674 954 2771 ipse
971 2676 1126 2774 capillus
1145 2698 1247 2747 acus,
1470 2675 1517 2742 30

489 2784 674 2858 Formosae
691 2787 834 2885 periere
852 2813 989 2865 comae:
1018 2815 1111 2888 quas
1128 2791 1240 2864 vellet
1256 2787 1402 2887 Apella,

536 2899 641 2984 Quas
657 2902 770 2978 vellet
787 2905 899 3004 capiti
920 2906 1092 2982 Bacchus
1111 2908 1232 2981 inesse
1250 2928 1330 2978 suo.

520 3041 559 3088 16.
577 3040 688 3090 Ornata:
699 3051 748 3089 tuto
757 3044 869 3108 comma]
883 3045 975 3110 Vulga-
1028 3046 1127 3094 Poment
1143 3045 1195 3093 hee
1210 3043 1272 3109 capi,
1282 3050 1309 3091 ut
1327 3039 1397 3089 modo
1409 3039 1519 3096 diximus,

479 3119 511 3161 ta
520 3112 666 3178 scripturasi
682 3114 797 3164 aervanda
807 3126 850 3173 est,
860 3118 895 3168 ita
905 3119 975 3168 inter·
1025 3119 1056 3168 de
1068 3118 1164 3168 domina
1173 3134 1220 3166 non
1231 3117 1300 3166 solita
1316 3115 1401 3164 sordre
1415 3114 1440 3162 in
1452 3130 1518 3163 orna·

484 3188 599 3252 protunda
627 3187 686 3238 sorte
711 3189 768 3250 erit;
800 3192 898 3262 capillos
924 3193 977 3242 illos
1025 3193 1117 3248 tricem,
1128 3193 1171 3241 sed
1182 3192 1239 3257 quia
1249 3191 1287 3239 hic
1297 3188 1516 3252 deeonoutgitnr,

484 3259 556 3309 luisse
563 3268 612 3309 tam
621 3260 718 3318 dociles,
727 3271 754 3313 ut
764 3279 892 3328 numquam
902 3266 976 3315 domi·
1025 3266 1067 3314 sed
1077 3266 1108 3314 de
1118 3266 1258 3330 capillorum
1267 3262 1369 3329 ingenio,
1381 3278 1434 3327 qum
1444 3272 1517 3310 tutam

485 3348 540 3382 nam
558 3334 590 3383 ad
605 3334 664 3383 uam
678 3337 861 3402 provocaverint,
877 3340 976 3403 quasi
1025 3339 1165 3389 ornatricem
1188 3339 1340 3404 prestabant,
1360 3354 1415 3385 occu
1432 3340 1516 3385 aava

484 3405 560 3456 crines
571 3407 660 3457 nollent
670 3419 753 3474 sponte
764 3411 848 3468 ornari,
858 3412 900 3462 red
913 3430 976 3480 saepc
1025 3421 1104 3478 posset
1122 3412 1157 3462 ita
1165 3412 1228 3477 capi,
1238 3421 1265 3461 ut
1283 3426 1420 3475 numquam.
1431 3426 1461 3458 ue
1476 3426 1517 3475 per

484 3481 615 3530 resolvendi
635 3493 722 3539 esseut,
744 3484 780 3534 vel
804 3497 975 3551 rumperentur,
1025 3486 1205 3552 imprudentiam
1217 3485 1314 3551 quidem
1330 3483 1459 3539 amatricis,
1468 3499 1517 3531 m·

485 3554 510 3604 in
535 3555 673 3605 ornatricem
698 3556 818 3607 seviebat.
851 3560 976 3609 Buranu-
1026 3576 1070 3608 nus
1088 3561 1214 3615 aberraret,
1230 3567 1255 3607 et
1271 3574 1350 3614 acum,
1369 3573 1417 3622 qua
1432 3558 1517 3622 figebat

485 3644 542 3678 nus.
574 3628 636 3677 Rem
651 3644 738 3686 amare,
748 3638 775 3679 ut
790 3630 856 3688 solet,
866 3632 924 3682 Juv.
935 3632 977 3683 de·
1026 3632 1102 3682 crines
1118 3634 1144 3680 iu
1162 3631 1261 3681 annulos
1271 3641 1296 3680 et
1306 3630 1428 3679 cincinnos
1438 3631 1516 3686 flexu,

485 3701 572 3760 scribit,
583 3703 634 3752 Sat.
645 3702 679 3752 vi.
688 3704 746 3752 490.
1027 3705 1126 3771 dirigere
1136 3705 1161 3753 in
1170 3704 1377 3754 brachiadomiue
1389 3711 1472 3768 posset
1483 3703 1516 3752 tn·

517 3777 622 3839 Disponit
640 3780 733 3834 canem.
753 3778 856 3827 muntia
873 3781 921 3842 ipro
939 3797 977 3828 ca·
1026 3788 1075 3829 teor
1092 3794 1146 3827 vero
1164 3776 1216 3826 hee
1232 3778 1336 3827 nondum
1353 3776 1384 3825 ad
1401 3775 1513 3842 liquidum

546 3851 620 3912 pillis,
1026 3853 1147 3917 perducta,
1168 3867 1245 3917 neque
1271 3851 1330 3899 mihi
1353 3850 1404 3917 ipse
1427 3851 1515 3900 adm·

517 3922 589 3972 Nudo
599 3924 698 3971 mmmm
707 3923 885 3989 Psecnrirrselir,
897 3927 976 3974 audis-
1025 3925 1070 3974 cio.
1102 3926 1189 3975 Burro.

547 3998 710 4060 qroemamillr'r.
1057 3999 1099 4047 27.
1117 3997 1270 4061 clamatam]
1289 3998 1385 4047 Patron.
1396 3996 1514 4063 capalri.

516 4072 870 4134 alumnumalumnum?
888 4073 977 4122 Taurea
1026 4072 1080 4121 Ideo
1097 4075 1135 4121 tut
1154 4074 1253 4136 quotidie
1278 4073 1361 4120 elma.-
1388 4071 1516 4136 Primigenia*

546 4148 615 4207 martit
1025 4148 1162 4203 monili,
1173 4149 1282 4210 quidquid
1297 4148 1371 4200 dixis,
1383 4146 1425 4192 tidr'
1440 4148 1515 4193 disc-ia

517 4219 928 4286 Continuojiaricrimenfocinmpoe
937 4239 974 4270 ca·
1025 4219 1066 4268 ubi
1077 4219 1130 4268 vide
1141 4227 1229 4268 notata.
1260 4219 1346 4267 Brmrr.

544 4294 607 4354 pilli.
1056 4295 1098 4342 29.
1117 4294 1169 4342 Non
1179 4293 1235 4357 esa]
1252 4290 1346 4340 Scilicet
1358 4288 1459 4355 capillus
1468 4289 1514 4338 ali·

516 4366 579 4419 Quid
598 4366 677 4416 Precor
696 4369 801 4416 admisit?
823 4385 923 4431 pamm
943 4378 974 4415 at
1024 4366 1092 4432 quis:
1111 4382 1191 4416 omnes
1201 4367 1263 4416 enim
1272 4362 1350 4414 decori
1360 4372 1425 4413 mut.
1455 4363 1514 4410 Mr-

545 4437 757 4501 hiccotpapaeltae,
1024 4457 1090 4489 arus.
1122 4441 1198 4490 Male.
1215 4441 1286 4506 plena
1301 4439 1389 4488 locutio
1403 4447 1449 4494 est,
1468 4453 1515 4486 non

514 4509 539 4556 ss·
547 4510 587 4555 eut
595 4511 712 4570 displicuit
720 4515 804 4560 assor?
819 4513 863 4561 &a
882 4513 972 4561 Anna.
1023 4523 1058 4562 est
1068 4514 1089 4562 is
1098 4515 1207 4580 capillus,
1218 4516 1259 4600 ‹pri
1268 4515 1353 4563 debeat
1368 4512 1413 4562 uri.
1421 4512 1471 4561 vid.
1483 4509 1514 4559 ad

516 4584 554 4632 lu.
563 4581 662 4630 Bracata
669 4586 757 4646 direpto
764 4586 972 4649 morteferum]
1023 4587 1097 4652 Epist.
1108 4606 1149 4636 rr.
1160 4589 1202 4636 49.
