3600 5925
594 767 852 836 HEROIDES.
877 768 947 834 ΕΡ.
971 769 1081 835 ΧΧΙ.
1110 789 1115 798 ’
1296 772 1360 837 281

327 943 423 1016 Sunt
440 952 479 1016 et
492 965 583 1040 opes
601 943 731 1017 nobis:
746 952 847 1016 'sunt
863 952 903 1017 et
920 943 1000 1018 sina
1018 942 1171 1018 crimine
1188 968 1331 1021 mores:

374 1057 547 1157 Amplius
565 1069 682 1156 utque
698 1058 803 1146 nihil,
821 1083 881 1133 me
898 1059 967 1133 tibi
980 1061 1106 1158 jungit
1122 1084 1237 1135 amor.
1285 1068 1358 1138 226

324 1174 535 1274 Adpeteres
553 1176 667 1250 talem
682 1176 741 1249 vel
758 1201 833 1251 non
845 1178 972 1274 jurata
988 1177 1186 1253 maritum:

374 1289 398 1364 J
401 1301 515 1365 uratae
530 1290 590 1365 vel
607 1314 681 1364 non
697 1291 782 1365 talis
798 1292 994 1366 habendus
1007 1304 1098 1367 erat.

327 1404 421 1481 Hae
437 1407 505 1482 tibi
523 1430 584 1482 me
601 1408 796 1483 insomnis
808 1407 1011 1505 jaculatrix
1024 1409 1186 1485 scribere
1201 1409 1357 1498 Phoebe,

375 1521 469 1597 Haec
486 1523 554 1598 tibi
571 1546 633 1598 me
647 1522 798 1621 vigilem
814 1523 978 1598 scribere
990 1525 1103 1621 jussit
1119 1524 1247 1600 Amor.
1284 1531 1359 1600 230

326 1635 359 1710 Ε
377 1638 515 1735 quibus
532 1638 683 1714 alterius
700 1638 791 1712 mihi
804 1640 884 1736 jam
902 1662 1062 1736 nocuere
1078 1640 1245 1737 sagitta:

374 1753 537 1830 Alterius
555 1766 778 1832 noceantne
794 1755 864 1829 tibi
880 1755 969 1842 tela,
986 1778 1088 1829 cave.

322 1866 347 1942 J
350 1879 462 1944 uncta
474 1871 575 1944 salus
592 1882 720 1946 nostra
735 1881 814 1946 ast:
828 1869 1019 1946 ‘miserore
1035 1869 1185 1968 meique
1201 1872 1344 1970 tuique.

373 1984 474 2070 Quid
490 1986 640 2062 dubitas
655 2012 769 2063 unam
785 1985 881 2063 ferre
896 1987 1046 2062 duobus
1063 1987 1199 2085 opem?

324 2099 435 2186 Quod
453 2103 485 2177 si
499 2102 710 2200 eontigerit,
729 2127 816 2180 cum
833 2105 914 2201 jam
930 2104 1020 2177 data
1036 2103 1145 2199 signa
1160 2104 1358 2191 sonabunt,

372 2216 582 2317 Tinctaque
599 2220 721 2294 votivo
738 2220 919 2318 sanguine
938 2219 1054 2294 Delos
1072 2218 1158 2307 erit3
1286 2223 1359 2293 236

323 2333 449 2409 Aurea
464 2346 623 2434 ponetur
639 2336 728 2410 mali
744 2335 863 2412 felicis
881 2335 1017 2432 imago,

374 2449 596 2550 Caussaque
611 2452 803 2527 versiculis
821 2452 963 2550 scripta
977 2449 1125 2525 duobus
1142 2447 1232 2523 erit:

324 2562 456 2663 Effigie
472 2568 573 2666 pomi
590 2577 749 2642 testatur
764 2566 948 2644 Acontius
964 2567 1088 2664 hujus,

265 2767 272 2784 Ι
372 2679 467 2766 Quae
482 2681 619 2759 fuerint
635 2684 673 2758 in
690 2708 736 2759 eo
753 2685 906 2784 scripta
923 2682 1041 2756 luisse
1058 2691 1149 2754 rata.
1284 2683 1359 2752 240

325 2795 485 2893 Longior
496 2798 682 2872 infirmum
699 2824 747 2873 ne
764 2800 880 2873 lasset
897 2796 1068 2897 Epistola
1084 2820 1232 2893 corpus,
1356 2801 1359 2808 ’

374 2910 589 3012 Clausaque
606 2925 787 2990 consueto
804 2913 853 2988 sit
866 2912 937 2988 sibi
954 2912 1049 3002 fine;
1076 2912 1171 2987 vale.

591 3360 595 3365 -
635 3308 897 3384 EPlSTOLA
931 3306 1043 3382 XXI.

537 3491 809 3607 'GYDIPPE
852 3490 1132 3559 AGONTIO.

325 3633 517 3722 pertimui,
536 3636 791 3737 scriptumque
808 3649 914 3712 tuum
932 3640 1012 3715 sine
1030 3660 1217 3712 murmura
1235 3637 1320 3733 legi,

371 3748 396 3822 J
398 3744 522 3826 uiaret
536 3776 584 3829 no
601 3779 697 3853 quos
714 3756 832 3830 imola
848 3757 974 3854 lingua
992 3757 1107 3830 Deos.

351 3936 408 3985 2³⁰.
419 3935 581 4001 naamam]
594 3938 812 4004 Maaiga'tmcliat-
894 3939 942 3988 Er.
953 3938 1021 4002 xxa]
1039 3936 1156 3997 Ουοὰω
1165 3933 1309 3999 exemplum
1320 3934 1359 3985 hio

320 4018 401 4059 taem
409 4010 518 4061 &uveni
527 4020 553 4059 et
560 4011 621 4060 alter
629 4012 814 4062 uenalium
863 4012 942 4062 denuo
957 4012 1068 4062 munifico
1083 4018 1139 4059 sunt
1151 4009 1182 4058 da
1197 4007 1283 4066 uliano,
1300 4009 1359 4057 dum

320 4098 392 4133 manu
407 4083 492 4151 prima,
505 4084 570 4149 quod
586 4084 743 4149 mentia
757 4101 814 4135 con·
863 4084 957 4135 initium
963 4086 1031 4136 nobis
1037 4085 1108 4152 liujus
1115 4081 1359 4150 Epistoloehoomodo

319 4156 421 4208 firmant.
454 4158 535 4208 Dim
547 4157 710 4217 wmniantem,
721 4158 814 4225 Cupido
863 4160 1007 4210 obtrudunt:

320 4231 449 4297 vigilasset
464 4234 590 4283 armam
604 4242 775 4299 molummis
790 4242 814 4283 te
896 4233 1103 4297 [ἐκπρεπής
1120 4241 1223 4295 luam
1237 4234 1358 4290 mmsis,

320 4305 440 4363 vidium,
459 4308 531 4373 jussit
550 4305 659 4357 scribere.
675 4306 757 4357 Horat
777 4306 813 4356 iii.
961 4308 1051 4363 Aconti,

320 4379 420 4429 ow.
930 4379 1340 4445 Espoenentoealisimidimm.

352 4455 695 4521 —l'igilmaeploro
1233 4452 1324 4503 fluas.

356 4528 432 4591 Tarpa
438 4533 582 4588 munim,
591 4550 622 4581 aa
630 4535 691 4581 vitiis
701 4540 813 4581 carentem
864 4530 927 4579 Vide
935 4529 1027 4580 Scholt.
1038 4529 1064 4578 ii.
1074 4529 1175 4579 Observ-
1185 4545 1239 4595 cap.
1248 4528 1293 4578 liii.
1327 4529 1356 4577 ln

388 4600 459 4650 Ludit
470 4606 555 4668 imago?
723 4607 812 4655 Banu.
863 4604 939 4671 prima
952 4605 1055 4657 editione
1072 4604 1215 4672 adoenpom
1233 4614 1291 4664 emt,
1310 4603 1356 4666 Cy·
