3600 5925
530 741 673 811 Altrls
695 739 963 809 Aunrotuffi
985 737 1077 807 LIB.
1109 738 1147 807 Ἰ.
1223 739 1232 758 ’
1289 739 1355 807 485

314 920 400 997 Heu
418 920 582 995 focinus!
609 943 683 992 non
702 926 761 992 est
776 916 895 992 hostis
913 916 1138 991 metuendus
1155 917 1322 1005 amonti3

364 1038 469 1124 Quos
487 1037 610 1112 credis
626 1035 735 1122 fidos,
753 1033 895 1131 effuge3
924 1043 1028 1109 tutus
1046 1032 1131 1108 eris.

314 1158 529 1256 Cognatum
545 1152 774 1250 fratremque
791 1155 894 1237 core,
914 1174 1117 1248 carumque
1136 1150 1324 1226 sodalem:

201 1364 204 1371 .
364 1271 557 1347 Praebebit
572 1294 680 1344 veros
697 1269 778 1343 haec
795 1268 865 1342 tibi
882 1268 993 1341 turbe
1009 1277 1144 1341 metus.

314 1389 504 1463 Finiturus
521 1411 641 1462 eram:
670 1386 738 1461 sed
755 1395 843 1459 sunt
858 1384 1007 1457 diverso
1022 1383 1159 1482 puellis
1283 1387 1357 1459 755

364 1502 536 1579 Pectora.
563 1503 666 1576 mille
683 1501 827 1575 animos
845 1500 980 1599 excipe
997 1499 1099 1573 mille
1116 1498 1250 1574 modis.

314 1619 397 1694 Nec
414 1619 526 1693 tellus
544 1618 677 1692 eadem
695 1617 794 1716 parit
810 1615 947 1689 omniu.
974 1614 1112 1688 vitibus
1130 1615 1195 1689 illa

364 1735 566 1823 Convenit3
595 1735 676 1808 haec
693 1733 803 1822 oleis;
831 1733 903 1806 hac
920 1732 1018 1805 bene
1036 1729 1133 1805 sarra
1147 1732 1279 1806 virent.

315 1851 538 1927 Pectoribus
555 1875 678 1925 mores
695 1860 753 1925 tot
770 1859 869 1936 sunt,
888 1859 983 1946 quot
999 1848 1038 1921 in
1054 1848 1144 1922 orbe
1161 1847 1306 1945 figurae:

363 1967 438 2053 Qui
457 1968 568 2066 sapit,
587 1967 790 2042 innumeris
808 1967 974 2040 moribus
992 1976 1103 2063 aptus
1120 1965 1203 2039 erit.
1281 1970 1355 2041 760

314 2083 445 2183 thue
461 2084 563 2158 leves
581 2083 740 2158 Proteus
757 2083 870 2157 modo
887 2106 930 2156 se
947 2081 1117 2155 tenuabit
1133 2082 1172 2156 in
1188 2083 1325 2172 undas3

363 2199 401 2273 N
403 2223 476 2273 unc
493 2199 565 2287 leo,
583 2223 683 2273 nunc
701 2199 822 2285 arbor,
841 2221 942 2272 nunc
960 2196 1030 2271 erit
1047 2197 1166 2272 hirtus
1183 2222 1285 2298 aper.

314 2314 366 2390 Hi
378 2315 505 2414 jaculo
522 2317 659 2414 pisces,
678 2314 731 2388 illi
748 2313 949 2411 capiuntur
966 2313 1014 2386 ab
1032 2314 1170 2390 hamis:

363 2429 446 2506 Hos
463 2455 555 2505 caru
571 2441 748 2505 contento
766 2429 860 2504 retia
876 2428 966 2502 fune
982 2429 1147 2504 trahunt.

314 2543 397 2623 Nec
415 2548 483 2622 tibi
501 2548 698 2622 conveniat
714 2557 872 2621 cunctos
890 2544 1025 2619 modus
1042 2569 1139 2618 unus
1157 2547 1205 2620 od
1223 2571 1352 2623 annos.

364 2663 530 2762 Longius
547 2663 701 2737 insidias
719 2686 830 2736 cerva
845 2659 989 2736 videbit
1005 2682 1111 2733 anus.
1281 2668 1353 2739 766

345 2957 404 3008 rol.
423 2957 661 3024 UsqmtevtsProrm
670 2959 763 3007 mou
773 2967 807 3005 ss·
890 2952 995 3020 Effugis
1004 2954 1354 3008 matemautensem

311 3034 398 3081 suebos
413 3035 439 3081 tn
455 3030 550 3096 urm]
568 3032 647 3081 Primo
662 3033 719 3080 lew
733 3033 809 3080 undas
923 3029 1028 3086 Proteus,

311 3106 471 3171 reponendum
481 3114 557 3155 estex
574 3103 715 3155 auctoritate
725 3103 808 3171 optimi
891 3103 950 3152 ctu
964 3105 1055 3166 sepiens
1068 3104 1095 3150 in
1105 3105 1150 3165 jus
1164 3107 1230 3154 stolis
1244 3108 1354 3156 ridentem

311 3178 392 3244 Regii,
410 3179 536 3245 fragmenti
553 3177 671 3228 veterrimi
686 3177 808 3227 Oxonien-
922 3179 1017 3227 abeno:

311 3252 351 3302 sis.
384 3253 430 3303 Pro
444 3256 560 3311 meabat,
576 3251 663 3303 deinde
678 3251 741 3301 idem
757 3251 807 3301 Re·
891 3250 943 3300 Fur
953 3268 1017 3315 oper,
1028 3254 1092 3301 nodo
1102 3255 1159 3309 evis,
1168 3255 1232 3303 nodo
1241 3268 1355 3315 sesemet

207 3390 211 3395 η
310 3325 373 3391 gius,
387 3333 413 3375 et
428 3324 534 3383 duoslii,
550 3329 663 3375 tenuavit.
679 3325 722 3375 sed
735 3325 808 3391 probe
921 3326 1139 3381 mmmmm,

311 3398 389 3464 prims
403 3398 484 3457 editio,
502 3408 528 3450 et
544 3415 607 3449 unus
616 3398 755 3456 Vaticanus.
773 3407 808 3448 te·
858 3398 922 3448 Nem
930 3397 1046 3465 proverbii
1056 3399 1136 3449 locum
1147 3400 1277 3451 obtinuisse
1288 3402 1353 3453 vide·

311 3474 400 3521 nuebit.
423 3480 448 3521 et
468 3471 576 3538 sequenti
592 3488 661 3522 versu
681 3488 732 3539 pto,
747 3482 807 3529 eret,
858 3480 904 3531 tur,
915 3483 941 3522 ut
952 3473 994 3539 qui
1007 3483 1119 3538 urgentes
1128 3475 1264 3532 eludebant,
1274 3477 1353 3527 Protei

311 3545 470 3610 fragmentum
491 3546 636 3605 Osonienss,
655 3546 737 3597 Codex
758 3547 807 3596 Ite·
857 3547 999 3598 dicerentur.
1032 3547 1101 3597 Idem
1120 3548 1232 3598 Horatius
1251 3549 1312 3599 libro
1336 3552 1352 3601 i.

311 3619 374 3683 gius,
384 3629 408 3669 et
419 3619 466 3669 duo
476 3620 525 3677 elii,
535 3623 590 3670 arte.
606 3619 735 3671 verissime.
766 3621 807 3671 In-
857 3621 933 3689 Epist.
943 3622 960 3670 i.

312 3701 361 3743 ster
371 3693 450 3743 Protei
467 3693 552 3760 inquit,
562 3693 633 3743 modo
642 3694 668 3744 in
683 3693 749 3744 leves
764 3710 808 3744 nn·
892 3697 943 3751 Quo
954 3706 1040 3745 tesam
1050 3696 1128 3744 cultos
1135 3704 1260 3744 metantem
1270 3696 1353 3749 Protea

312 3768 365 3827 dss,
377 3785 440 3819 nune
450 3768 476 3818 in
491 3769 593 3827 leonem,
603 3778 646 3819 sut
662 3785 755 3836 aprum,
766 3779 810 3819 tut
922 3772 996 3819 nodo?
1188 3770 1319 3823 Hsrrtsros.

312 3843 418 3893 arborem
428 3844 573 3893 semutsbit.
606 3844 740 3893 DeProteo
747 3844 808 3893 Nos·
858 3844 888 3893 In
907 3847 976 3894 undu
995 3842 1122 3894 Bernensis
1138 3860 1199 3894 unns
1213 3854 1239 3894 et
1253 3856 1354 3912 quatuor

312 3926 348 3969 ter
363 3916 470 3984 pluribus
485 3917 546 3967 libro
558 3918 621 3967 Met.
632 3917 674 3967 rii.
685 3926 711 3968 et
725 3934 764 3968 res
773 3928 809 3968 est
858 3918 911 3968 elii.

304 3990 449 4056 'ceteroquin
466 3999 529 4040 note.
553 3990 634 4041 ·Porro
646 3991 739 4041 Horatii
754 3991 808 4050 ists,
890 3993 948 4043 766.
970 3992 1073 4058 langiu
1091 3995 1187 4042 insidior
1203 4011 1276 4043 curvo
1292 3998 1353 4046 eide·

312 4065 397 4130 Sstyrt
416 4065 451 4115 iii.
468 4064 512 4114 lib.
535 4064 561 4114 ii.
582 4065 688 4132 respexit
710 4067 756 4117 hoe
773 4068 809 4117 lo·
857 4070 892 4117 bit
900 4067 982 4131 onus]
998 4065 1111 4117 Ridicule
1120 4066 1234 4132 proiecto.
1268 4069 1354 4120 Causa

312 4155 341 4187 co
354 4139 449 4197 Noster,
460 4138 502 4188 nbi
519 4137 540 4187 is
556 4138 605 4203 egit
621 4139 652 4188 de
668 4140 731 4190 mulo
741 4140 808 4190 debi·
857 4140 951 4191 scilicet
960 4140 1062 4190 multum
1072 4148 1164 4198 estcur
1174 4157 1234 4191 enus
1240 4143 1291 4208 jem
1300 4160 1353 4194 cur-

314 4222 372 4262 tore.
858 4223 912 4265 rete
923 4230 971 4281 pre
983 4213 1154 4265 senioinsidies
1164 4225 1293 4266 suetorum
1303 4234 1352 4269 nue-

346 4285 422 4336 Series
431 4290 506 4337 deuse
521 4307 537 4337 a
548 4288 626 4339 Nerio.
644 4306 689 4338 nou
701 4299 733 4339 est
743 4292 808 4340 ntis.
857 4297 921 4339 test.
953 4289 1015 4348 Quis
1023 4289 1105 4339 credet
1114 4289 1203 4356 optimo
1213 4292 1289 4357 po'e'tn
1306 4294 1354 4344 tele

377 4363 436 4409 adda
448 4361 534 4412 Cicuta
858 4363 917 4428 qnid
928 4362 1061 4413 excidisset
1075 4363 1148 4413 Tollit
1162 4365 1299 4431 scrupulum
1313 4383 1354 4417 eo

345 4434 429 4484 Notat
448 4437 537 4487 tubulos
551 4446 655 4489 centon:
672 4440 735 4488 mille
750 4441 809 4489 oddo
858 4436 905 4487 dex
917 4437 1016 4503 Regius,
1027 4440 1111 4504 inquo
1122 4454 1218 4488 emeno
1229 4440 1306 4505 prims
1319 4443 1354 4494 le·

376 4518 478 4559 carmos.
858 4514 1122 4578 gebetoneerooeses.
1155 4513 1246 4565 linus.
