3600 5925
534 778 676 846 ARTIS
699 776 966 844 AMATORIAE
990 776 1080 843 ΠΒ.
1104 780 1132 844 Ι.
1287 783 1352 847 459

317 950 487 1048 Auguror
503 976 573 1038 en;
602 952 744 1025 vinces:
772 950 969 1047 votivaque
987 953 1151 1026 carmina
1168 955 1339 1029 reddam:

367 1066 418 1141 Et
434 1091 570 1164 magno
587 1067 694 1140 nobis
712 1090 776 1140 ore
793 1067 982 1140 sonandus
1000 1070 1085 1141 eriS.
1277 1076 1350 1143 206

318 1181 526 1271 consistes,
545 1185 743 1282 aciemque
760 1183 853 1257 meis
870 1184 1067 1257 hortabere
1084 1185 1220 1259 verbis.

366 1299 401 1371 Ο
419 1300 543 1374 desint
559 1300 692 1374 animis
711 1324 757 1375 ne
776 1323 860 1375 mea
875 1302 990 1374 verba
1006 1300 1100 1374 tuis!

315 1413 513 1514 Tergaque
524 1416 760 1502 Parthorum,
776 1415 1024 1513 Romanaque
1041 1427 1195 1514 pectora
1207 1418 1347 1504 dicam;

364 1530 544 1629 Telaque,
564 1532 612 1605 ab
630 1554 758 1605 averso
776 1555 861 1629 quae
874 1531 969 1629 jacit
984 1532 1102 1605 hostis
1119 1555 1232 1630 equo.
1276 1539 1350 1606 210

316 1644 389 1729 Qui
402 1644 512 1742 sugis,
527 1648 716 1732 utvincaS,
732 1646 824 1743 quid
837 1647 968 1733 victos,
984 1647 1137 1734 Partha,
1149 1649 1349 1746 relinquis?

365 1760 517 1849 Partha,
528 1762 667 1836 malum
680 1764 760 1859 jam
773 1785 872 1836 nunc
883 1760 988 1836 Mars
1000 1774 1088 1836 tuus
1101 1786 1211 1836 omen
1222 1763 1336 1837 habet

318 1874 417 1972 Ergo
434 1878 505 1951 erit
521 1878 585 1951 illa
601 1878 695 1964 dien
714 1879 792 1975 qud
809 1888 864 1964 tu,
881 1878 1129 1978 pulcherrime
1146 1902 1281 1965 rerum,

364 1990 550 2075 Quattuor
566 1995 604 2067 in
622 1993 738 2067 niveis
755 2016 889 2066 aureus
908 1992 978 2067 ibis
997 1994 1117 2092 equis.

316 2103 431 2180 Ibunt
448 2118 534 2182 ante
549 2108 677 2195 duces,
696 2108 838 2182 onerati
857 2108 954 2181 colla
971 2108 1132 2198 eatenis3
1276 2115 1349 2184 215

365 2219 425 2295 Ne
442 2223 587 2321 possint
602 2223 688 2308 tuti,
707 2221 783 2320 qua
799 2222 915 2321 prius,
934 2248 1017 2298 esse
1035 2223 1138 2321 iuga.

316 2335 550 2435 Spectabunt
566 2339 642 2412 laeti
654 2340 825 2436 juvenes,
845 2338 1050 2436 mixtaeque
1067 2340 1222 2437 puellae:

365 2452 636 2552 Diffundetque
653 2453 796 2528 animos
813 2455 986 2528 omnibus
1003 2455 1076 2529 ista
1092 2455 1186 2530 dies.

314 2566 441 2665 Atque
458 2569 585 2666 aliqua
600 2592 649 2642 ex
666 2569 738 2642 illis
756 2593 843 2643 cum
860 2568 1010 2666 Regum
1028 2571 1179 2644 nomina
1195 2582 1348 2669 quaeret,

363 2680 458 2765 Quae
475 2683 570 2768 loca,
589 2683 655 2781 qui
672 2694 830 2771 montes,
850 2708 981 2781 quaeve
997 2684 1162 2761 ferantur
1178 2711 1308 2784 aquae3

316 2798 454 2873 Omnia
469 2800 675 2897 responde:
704 2824 774 2874 nec
791 2809 936 2874 tantum
955 2801 986 2872 si
1003 2825 1079 2899 qua
1096 2802 1258 2900 rogabit;
1275 2807 1343 2874 221

364 2911 417 2989 Et
433 2937 518 3013 quae
536 2915 726 3004 nescieris,
747 2927 788 2992 ut
803 2917 900 2992 bene
918 2926 1007 2992 nota
1024 2916 1130 2993 refer.

312 3210 343 3259 de
351 3209 411 3276 Cajo
416 3210 539 3262 'liberiore
547 3211 739 3277 intelligendum:
749 3230 808 3280 quo·
857 3214 893 3263 dit
906 3213 1003 3263 ironice:
1020 3216 1075 3278 quid
1085 3217 1160 3271 amtor,
1174 3214 1268 3271 Paule,
1278 3216 1349 3265 reliu-

313 3299 365 3333 rum
383 3283 468 3343 uentu,
486 3301 563 3351 neque
576 3286 638 3344 rivo.
655 3304 731 3354 neque
748 3304 808 3338 mor·
856 3290 922 3354 qais?
937 3288 1135 3355 quidRomanos,
1149 3303 1208 3355 quoe
1223 3290 1350 3355 aurariam

313 3367 361 3413 tuo,
377 3357 453 3408 divini
472 3358 571 3409 honorae
591 3360 712 3412 conutituti
734 3361 807 3412 luere.
856 3364 928 3413 rolita
948 3364 1030 3415 fraudo
1045 3363 1176 3430 praesumis,
1191 3366 1309 3428 relinquas,
1326 3373 1351 3414 et

314 3430 409 3481 Mrcrr.
848 3438 921 3505 fagia
931 3438 991 3505 ipse,
1002 3438 1069 3505 quari
1080 3438 1171 3488 victusl
1188 3436 1255 3486 Nihil
1265 3438 1304 3487 bic
1315 3439 1349 3487 vi·

345 3505 403 3554 207.
421 3504 553 3570 comm]
573 3506 602 3556 ln
619 3507 670 3557 acie
687 3507 808 3557 accinatur
856 3512 911 3570 deo,
922 3513 986 3578 quod
1003 3529 1050 3562 uon
1064 3510 1183 3579 aptissime
1200 3527 1254 3560 cum
1272 3520 1350 3563 mente

313 3576 405 3642 proello·
438 3578 528 3627 Bm·
857 3589 934 3653 polite
942 3596 1056 3653 congruat
1063 3605 1071 3648 ;
1086 3587 1143 3635 dum
1154 3601 1225 3651 quem
1235 3601 1264 3634 ex
1276 3585 1350 3635 Heiu-

346 3660 404 3709 211.
422 3657 551 3726 Quifugir,
560 3673 588 3710 ut
598 3666 675 3712 uincor
683 3663 742 3726 lto]
751 3663 807 3711 Non
856 3664 923 3712 tiana
933 3662 1034 3711 lectione
1044 3677 1139 3711 semum
1149 3675 1226 3716 eruar,
1234 3660 1272 3708 vix
1281 3660 1350 3725 capio

315 3741 351 3784 eut
368 3732 431 3783 unde
447 3733 505 3799 quid
520 3733 546 3784 iu
563 3735 608 3785 boo
618 3752 686 3785 verm
704 3751 806 3793 moveas,
856 3734 1046 3799 intelligendum.
1078 3734 1169 3782 Arrun.

313 3822 384 3872 quem
394 3815 474 3855 tamen
482 3823 532 3863 uro,
544 3815 572 3856 ut
583 3807 624 3866 ait,
632 3809 742 3871 periculo,
758 3807 806 3873 legi
888 3811 946 3859 21³.
965 3809 1028 3874 Ergo
1036 3811 1080 3858 erit
1091 3807 1155 3870 illu]
1174 3807 1229 3855 Nou
1240 3804 1350 3856 invenat-

207 3882 212 3892 ‘
312 3880 347 3931 sic
357 3880 470 3930 Heinsius
479 3881 587 3930 volebat:
855 3891 915 3939 tum,
925 3881 988 3946 quod
996 3881 1069 3930 babet
1076 3880 1151 3929 codex
1159 3879 1258 3944 Regin,
1270 3880 1350 3934 Quan-

346 3954 466 4020 Qru'fugia
475 3964 502 4003 ut
511 3957 595 4012 uiuam,
603 3957 658 4019 qnid
667 3957 734 4014 vieto,
746 3956 806 4005 Par·
855 3958 884 4004 do
893 3957 938 4004 erit
950 3956 991 4004 illa
1001 3958 1057 4005 diu.
1078 3954 1141 4019 quod
1153 3954 1278 4004 vehemens
1288 3953 1350 4002 deai-

379 4030 424 4085 rhe,
436 4029 563 4092 ntupum?
854 4028 946 4078 derium
956 4028 1076 4095 exprimit.
1108 4026 1256 4077 Sedretineo
1266 4027 1349 4091 vulga·

312 4100 418 4151 Primum
428 4099 492 4151 enim
507 4099 538 4149 ad
549 4099 642 4149 solitum
652 4100 746 4151 Parthia
756 4117 805 4151 mo-
855 4109 913 4159 tam,
921 4118 1001 4168 quare
1008 4112 1098 4153 certum
1103 4102 1154 4168 jam
1164 4103 1234 4168 pnite
1240 4101 1349 4151 ostendit.

313 4190 361 4223 rem
371 4173 464 4224 adludit
479 4175 559 4239 poeta,
569 4173 610 4239 qui
620 4172 723 4223 victorin
739 4190 806 4240 rpem
856 4178 945 4226 Burin.

314 4256 338 4296 et
348 4246 458 4297 fiduciam
474 4247 499 4297 in
509 4247 565 4313 luga
580 4247 707 4313 ponebant,
718 4247 807 4310 (fideu-
888 4251 945 4299 214.
962 4252 1051 4299 Aurem
1061 4253 1102 4299 ibis
1111 4250 1196 4315 aquia]
1212 4249 1349 4299 Notandum

314 4330 399 4384 teurqroe
406 4322 472 4387 suga
484 4322 606 4378 Parthum,
618 4320 703 4386 Virgil.
716 4321 806 4386 Georg.
856 4322 896 4372 hie
914 4326 948 4372 ire
963 4327 989 4373 ia
1003 4327 1065 4388 equis
1081 4325 1137 4390 poni
1150 4339 1192 4389 pro
1209 4323 1349 4380 curruvelri,

314 4392 349 4442 iii.
361 4393 415 4455 ³0.)
425 4394 456 4443 ad
472 4409 576 4459 pugnum
591 4409 645 4443 mox
656 4393 755 4444 acriores
770 4410 806 4445 ra·
855 4412 910 4445 cum
926 4396 994 4448 aliter
1008 4413 1050 4465 pro
1065 4397 1170 4463 equitare
1186 4397 1247 4447 sumi
1264 4396 1348 4447 soleat.

313 4467 416 4517 versari:
435 4465 583 4518 deluderem
591 4468 707 4519 simulata
718 4484 805 4528 reram,
856 4471 946 4520 Bru.

314 4540 522 4606 quadraminum,
532 4541 611 4608 iugum
621 4558 748 4610 opponens,
760 4544 804 4594 ad·
