3600 5925
590 666 805 733 suoaurr
837 667 928 759 Lm.
951 668 1020 734 111.
1042 671 1074 736 s.
1287 672 1354 759 roo

306 839 471 937 Argutos
489 841 631 929 habuit,
651 842 797 916 radiant
814 851 856 916 ut
872 842 989 928 sidus,
1009 844 1167 930 ocellos;

357 957 433 1032 Per
449 983 546 1058 quos
564 956 720 1033 mentita
737 970 796 1033 est
813 959 957 1057 perfida
974 983 1077 1058 saepe
1093 960 1196 1033 mihi.
1304 966 1348 1033 10

309 1073 464 1149 Scilicet
480 1084 619 1148 aeteruo
636 1074 771 1149 falsum
784 1077 911 1172 jurare
929 1075 1066 1174 puellis

358 1187 408 1261 Dl
426 1214 579 1288 quoque
596 1191 826 1280 concedunt3
855 1190 1050 1288 formaque
1068 1215 1204 1266 numen
1219 1192 1345 1266 habet.

307 1302 456 1401 Perque
474 1329 563 1379 suos
579 1306 682 1380 illam
699 1329 820 1404 nuper
832 1307 981 1404 jurasse
1000 1308 1184 1393 recordor,

357 1419 509 1519 Perque
524 1446 629 1497 meos
646 1423 793 1511 oeulos;
821 1434 862 1496 et
877 1423 1030 1497 doluere
1048 1424 1133 1496 mei.

308 1533 445 1623 Dicite,
466 1536 536 1627 Dl;
565 1540 597 1612 si
614 1562 680 1612 vos
698 1538 850 1636 impune
867 1536 1038 1613 fefellerit
1054 1538 1130 1625 illa,
1302 1542 1345 1641 ld

356 1649 520 1726 Alterius
537 1653 680 1728 meritis
697 1676 764 1726 cur
782 1677 852 1749 ego
868 1652 1007 1727 damna
1023 1655 1112 1728 tulil

306 1764 359 1839 At
375 1790 450 1839 non
467 1767 613 1842 invidiae
631 1768 737 1842 vobis
757 1767 928 1866 Cepheia
943 1768 1047 1864 virgo
1063 1779 1132 1854 est,
1215 1762 1218 1767 ’

357 1881 433 1957 Pro
451 1884 549 1959 male
566 1885 728 1958 formosa
743 1886 851 1981 jussa
867 1894 1022 1983 parente
1040 1885 1146 1957 mori.

308 1998 344 2070 N
347 2024 395 2072 on
412 2001 505 2075 satis
522 2013 592 2089 est,
612 2002 715 2099 quod
733 2025 798 2076 vos
816 2001 931 2075 habui
946 2001 1026 2077 sine
1039 2001 1204 2100 pondere
1216 2010 1345 2085 testes,

358 2113 408 2188 Et
424 2139 573 2191 meeum
590 2119 692 2192 lusos
710 2117 807 2192 ridet
823 2117 943 2192 inulta
959 2117 1079 2192 Deos:
1297 2121 1347 2190 20

309 2228 362 2302 Ut
378 2255 448 2305 sua
464 2255 531 2330 per
547 2244 712 2306 nostram
730 2233 889 2307 redimat
905 2235 1069 2331 perjuria
1084 2257 1246 2332 poenam,

356 2344 519 2421 Victima
534 2347 717 2446 deceptus
734 2348 957 2446 decipientis
975 2349 1064 2422 erol

307 2460 385 2535 Aut
400 2464 481 2538 siue
499 2488 538 2538 re
556 2489 691 2538 nomen
711 2464 816 2538 Deus
833 2476 904 2551 est,
922 2464 1134 2562 frustraque
1152 2465 1319 2553 timetur;

358 2576 408 2652 Et
424 2580 539 2653 stulta
555 2582 713 2680 populos
731 2582 951 2655 credulitate
969 2591 1111 2654 movet:

307 2692 397 2780 Aut,
415 2696 551 2793 siquis
570 2695 674 2769 Deus
685 2706 755 2782 est,
771 2707 918 2771 teneras
929 2707 1031 2769 amat
1040 2696 1102 2769 ille
1113 2696 1277 2795 puellas;
1299 2700 1347 2769 25

359 2808 409 2884 Et
426 2812 580 2885 nimium
599 2813 697 2886 solas
715 2814 842 2887 omnia
857 2836 969 2911 posse
982 2812 1128 2909 jubet..

337 3164 362 3213 9.
374 3163 477 3213 aarum
497 3176 523 3215 st
542 3167 625 3230 sure]
658 3167 740 3217 Diriui
758 3168 803 3217 boc
853 3162 1350 3229 terno.ootidiesoetsimilibus‚dequibur

306 3236 398 3303 aliquid
418 3253 470 3288 esse
490 3239 631 3290 credebant:
659 3239 713 3290 vide
734 3243 802 3292 Suet.
853 3238 1219 3303 edQuiuetxiilust.cep.tl.
1233 3237 1267 3286 ita
1282 3254 1350 3287 verno

307 3313 371 3377 Aug.
381 3313 520 3378 cepluix.
537 3324 562 3364 et
577 3314 612 3364 ita
625 3315 706 3365 Schol.
723 3316 804 3383 Apoll.
853 3313 933 3363 dmm.
947 3314 1025 3362 Marc.
1038 3330 1077 3361 xv.
1098 3313 1135 3360 10.
1152 3321 1177 3361 et
1192 3311 1260 3361 xviii.
1275 3314 1298 3360 4.
1308 3312 1349 3361 ubi

306 3401 363 3451 pag.
378 3387 433 3436 1⁷2.
444 3385 502 3437 dicit
511 3403 541 3437 ex
552 3388 728 3453 Augeooculie
743 3390 805 3439 visos
852 3387 907 3437 ride
928 3386 1059 3436 Valetium.
1079 3386 1105 3434 iu
1125 3385 1212 3452 quibus
1232 3386 1350 3441 omuibus.

308 3459 379 3509 luisse
389 3458 468 3509 radios
476 3460 597 3526 effulgere.
614 3462 664 3511 vid.
676 3463 760 3513 Barth.
772 3463 803 3512 ed
852 3471 956 3525 tempore,
973 3461 1012 3510 sel
1032 3460 1109 3510 simile
1129 3459 1187 3526 quid
1205 3458 1350 3524 subintelligi

307 3532 803 3603 claudimdelaudstilichdddpm·
851 3534 933 3585 debet.
956 3536 1046 3585 Busae.

306 3622 376 3672 cipue
403 3607 428 3657 in
453 3608 548 3675 puellis,
561 3610 683 3676 supertes
700 3612 803 3660 lucidum
886 3611 926 3659 13.
937 3609 1031 3658 durasse
1040 3607 1167 3669 reamare]
1190 3605 1351 3655 Palatinuset

305 3682 388 3737 mulos,
399 3681 469 3732 nteit
479 3682 565 3732 Horat.
576 3684 602 3731 ii.
612 3683 661 3732 Od.
668 3683 709 3733 rii.
719 3684 803 3749 probe-
851 3697 893 3730 sex
905 3682 954 3739 elii,
959 3686 1054 3745 jacere,
1068 3678 1186 3744 quomodo
1196 3687 1287 3728 veteres
1296 3695 1349 3728 ver·

306 3755 374 3803 beot.
385 3754 448 3804 unde
461 3762 496 3805 tot
511 3755 761 3822 eompamtiouescom
771 3756 802 3805 sl-
852 3754 909 3802 bum
919 3758 1009 3804 memini
1025 3769 1117 3819 semper
1132 3751 1288 3800 coustrruisse
1304 3761 1350 3802 tre·

305 3827 409 3884 teribus,
418 3829 538 3886 Lucifero,
549 3830 617 3879 Imus
626 3829 801 3879 &inlaesus
851 3825 912 3878 dunt
932 3828 1097 3877 Grammatici.
1118 3826 1173 3876 vide
1198 3825 1296 3891 Agroet.
1319 3827 1350 3876 de

306 3901 336 3950 de
354 3901 451 3951 Pictura
467 3901 509 3949 lib.
526 3902 562 3950 iii.
579 3917 632 3968 cap.
653 3902 685 3951 ix.
702 3911 760 3951 sect.
778 3904 802 3953 a.
852 3901 962 3966 Orthogr.
972 3919 1028 3968 pag.
1045 3903 1118 3950 2268.
1134 3900 1175 3965 qui
1191 3901 1265 3950 semel
1280 3900 1350 3950 modo

307 3975 381 4023 Orelli
390 3974 458 4024 multi
468 3974 526 4022 editi
538 3983 563 4022 et
572 3975 663 4040 scripti.
689 3976 778 4025 Burrus.
853 3975 979 4039 Virgilium
989 3974 1129 4023 necessitate
1139 3974 1207 4023 metri
1220 3989 1274 4023 curu
1291 3991 1350 4041 pre-

342 4051 378 4098 ll.
389 4050 480 4098 Scilicet
490 4049 591 4112 esent]
618 4050 714 4099 AEteruo
728 4050 805 4115 prima
853 4047 922 4097 terito
936 4048 1092 4119 composuisse
1110 4049 1226 4098 observet
1249 4049 1312 4098 Vide
1327 4057 1352 4098 et

306 4121 378 4172 editio
386 4139 441 4171 cum
452 4122 583 4178 Puteaueo,
592 4121 681 4189 optimo
695 4123 805 4173 Palatino
852 4121 958 4171 Servium
970 4121 1001 4170 ad
1012 4121 1037 4168 ii.
1048 4122 1145 4171 AEueid.
1160 4125 1196 4172 12.
1217 4124 1307 4172 Burri.

307 4206 332 4245 et
341 4211 383 4245 sex
393 4195 455 4246 eliis.
466 4196 531 4263 quod
547 4206 610 4247 esset
626 4214 676 4263 pro,
686 4209 804 4248 etonem.
889 4195 926 4243 lu.
938 4195 1002 4243 Male
1003 4195 1129 4260 formose]
1148 4196 1237 4244 Forma
1246 4196 1350 4263 pulchri·

308 4270 437 4320 Herusrue.
459 4270 497 4321 lta
516 4274 585 4320 tacito
599 4271 675 4338 Epist.
695 4271 746 4321 xiii.
765 4274 804 4321 69.
854 4268 936 4318 tudine
953 4267 1050 4317 nimium
1068 4268 1132 4316 elata
1150 4269 1282 4335 Calliopea,
1300 4270 1349 4319 Arr-

307 4342 464 4393 ruelebemus.
494 4345 591 4394 Petrou.
619 4361 674 4412 cap.
696 4345 744 4395 slr.
774 4346 804 4396 fs
853 4343 972 4393 dromeda
989 4351 1071 4398 mater,
1085 4342 1242 4408 pulchriorem
1256 4361 1283 4396 ee
1300 4346 1351 4395 Ne.

306 4419 439 4480 sempiterno
458 4420 673 4470 scutatiorum
696 4419 806 4470 dixerunt
855 4416 1132 4483 reidibusjectiteveret:
1151 4417 1206 4468 inde
1221 4418 1350 4470 Nereidum

309 4493 430 4548 mutina,
443 4490 507 4556 (vid.
525 4492 556 4542 ad
572 4494 589 4544 i.
608 4493 660 4543 Ast.
674 4495 746 4558 ³67.)
757 4495 805 4543 lucr-
855 4491 907 4543 iree.
925 4479 935 4542 .⁸
942 4492 1030 4546 Ausa,
