3600 5925
605 806 867 873 HEROIDES.
890 808 961 871 ΕΡ.
978 806 1044 876 Χ..
1276 809 1341 873 133

296 977 332 1051 N
334 1002 383 1053 on
402 987 576 1077 poterant
591 978 657 1074 figi
674 979 882 1075 praecordia
897 978 1018 1053 ferrea
1033 1001 1170 1053 cornu:

347 1095 457 1182 Uttc
474 1118 548 1168 non
566 1105 726 1190 tegeres,
745 1104 900 1193 pectore
916 1104 1020 1168 tutus
1038 1117 1133 1167 eras

297 1208 379 1283 lllic
397 1221 438 1282 tu
456 1209 594 1294 silices,
613 1210 689 1281 illic
707 1209 907 1282 adamanta
924 1209 1064 1283 tulisti:

346 1323 440 1410 lllic,
460 1325 525 1421 qui
544 1324 682 1409 silices,
700 1323 859 1411 Thesea,
878 1325 1014 1410 vincat,
1034 1325 1164 1398 habes.
1269 1330 1340 1399 110

296 1438 479 1514 Crudeles
498 1441 631 1526 somni,
651 1441 742 1538 quid
759 1464 820 1513 me
837 1440 1009 1514 tenuistis
1027 1440 1211 1514 inertem?

343 1554 396 1628 At
413 1556 531 1629 semel
548 1567 689 1630 aeterna
704 1569 814 1630 nocte
831 1557 1037 1655 premenda
1047 1556 1113 1628 fui.

293 1666 371 1742 Vos
390 1694 555 1768 quoque,
574 1672 745 1744 crudeles
763 1671 876 1756 venti,
895 1671 1127 1768 nimiumque
1139 1673 1284 1769 ¹parati;

345 1786 590 1885 Flaminaque
608 1788 645 1860 in
663 1787 837 1861 lacrimas
854 1787 1020 1860 officiosa
1037 1809 1153 1858 meas.

295 1901 464 1976 Dextera
474 1904 648 1990 crudelis,
661 1928 747 2000 quac
758 1928 819 1979 me
829 1902 1060 2001 fratremque
1070 1902 1236 1976 necavit:
1268 1907 1337 1975 115

344 2017 396 2091 Et
412 2018 500 2094 data
515 2020 699 2115 poscenti,
719 2044 856 2094 nomen
875 2021 997 2105 inane,
1017 2019 1124 2091 fides,

292 2131 339 2203 ln
356 2157 415 2206 me
428 2133 601 2231 jurarunt
622 2155 789 2222 somnus,
808 2146 1031 2232 ventusque,
1050 2134 1235 2230 fidesque.

342 2245 497 2321 Prodita
514 2273 597 2321 sum
614 2251 759 2323 caussis
778 2274 853 2323 una
870 2250 996 2347 puella
1012 2248 1144 2321 tribus,

293 2361 393 2459 Ergo
411 2389 482 2461 ego
500 2390 569 2439 nec
588 2367 760 2440 lacrimas
777 2367 907 2439 matris
924 2364 1104 2437 moritura
1119 2362 1276 2435 videbo:

341 2478 377 2550 N
380 2503 436 2565 cc,
456 2504 542 2553 mea
559 2482 624 2578 qui
642 2482 782 2577 digitus
799 2481 942 2554 lumina
958 2479 1108 2565 condat,
1127 2477 1222 2551 erit?
1265 2481 1335 2549 120

292 2593 455 2692 Spiritus
473 2595 602 2670 infelix
620 2598 838 2694 peregrinas
856 2597 926 2670 ibit
942 2596 982 2668 in
1000 2618 1121 2680 aurea,

342 2708 424 2782 Nec
442 2712 585 2808 positos
603 2722 705 2784 artus
723 2723 867 2809 unguet
883 2712 1005 2785 amica
1021 2710 1179 2782 manus?

293 2823 394 2897 Ossa
407 2826 673 2922 superstabunt
690 2828 857 2900 volucres
875 2827 1070 2899 inhumata
1086 2824 1260 2899 marinael
1283 2897 1285 2902 ⁴

341 2936 436 3013 Hoec
454 2951 543 3014 sunt
559 2941 690 3015 officiis
707 2942 821 3040 digua
836 2942 1011 3041 sepulcra
1026 2939 1147 3014 meis?
1299 2951 1302 2957 '

290 3054 369 3127 Ibis
388 3054 594 3154 Cecropios
612 3068 754 3155 portus,
772 3059 970 3157 patriaque
987 3069 1162 3155 receptus
1265 3058 1333 3127 125

338 3168 437 3245 Cum
455 3172 604 3246 steteris
622 3173 725 3247 urbis
742 3174 867 3248 celsus
884 3173 923 3246 in
941 3196 1027 3246 arce
1044 3183 1131 3258 tuae,

285 3364 436 3429 Quamquam
446 3363 480 3413 ibi
489 3364 596 3430 paullum
606 3365 654 3415 alio
663 3383 734 3416 sensu
743 3383 785 3417 ca·
867 3367 1235 3429 Atmmmaoeimmer
1251 3364 1333 3411 nodosa

285 3438 373 3501 piatur.
394 3437 437 3486 sed
455 3439 654 3488 accommodatius
671 3441 784 3491 Horatius
897 3443 1008 3504 ligantes

285 3510 330 3558 lib.
348 3509 383 3557 iv.
403 3508 453 3559 Od.
472 3510 521 3560 xia.
540 3527 569 3560 er
587 3513 785 3563 emendatioribus
866 3512 975 3570 unua.
986 3523 1009 3562 st
1023 3515 1119 3562 obduro
1129 3515 1334 3561 coenomanico

284 3583 441 3632 membranis:
896 3588 973 3636 wau.

320 3656 733 3725 Utbarlororuoscluudiusagmtm
834 3660 912 3709 Corsa
925 3676 967 3726 pro
978 3674 1035 3708 arcu
1050 3657 1177 3707 habuimus
1186 3657 1232 3720 Ep.
1243 3653 1277 3701 iv.
1289 3654 1331 3702 39.

317 3731 670 3796 Pmaramaodimirimparo,
832 3734 920 3784 Burrus.

347 3805 735 3869 Primoapusstextremosmstendo
866 3809 922 3858 loa.
942 3807 975 3855 Ut
987 3817 1008 3854 te
1024 3803 1187 3869 nonagena]
1210 3801 1242 3848 Ut
1253 3810 1330 3849 tenos

378 3879 573 3937 Saevitiam,
579 3883 781 3930 emanantem.
831 3893 923 3947 tegeres,
932 3889 1157 3944 peetmtatuseraa.
1174 3872 1296 3923 Munierat
1306 3883 1330 3923 te

657 3956 748 4004 Buau.
830 3946 1329 4013 satisadversusltiinotaurumlcrreipecto-

316 4028 372 4076 lot.
401 4026 503 4090 Coma]
530 4028 731 4078 commentatores
750 4028 781 4078 de
830 4028 862 4077 n’s
872 4027 980 4082 durines,
992 4025 1101 4090 quamvis
1117 4022 1176 4071 nibil
1192 4020 1288 4071 aliunde
1304 4022 1330 4073 ia

279 4118 352 4153 cornu
370 4102 420 4151 sive
436 4102 546 4151 erunibus
559 4101 691 4152 Minotauri
708 4119 780 4169 erpo-
830 4117 911 4166 pugna
920 4109 1062 4167 protegeret.
1095 4098 1185 4146 ansa.

280 4187 355 4238 nuat3
380 4176 422 4225 sed
442 4176 516 4242 quidl
541 4176 562 4224 ai
587 4176 729 4241 generaliter
749 4176 780 4225 de
864 4176 919 4222 lla
946 4173 1096 4235 PremendoJ
1133 4172 1239 4220 Tamuda
1268 4190 1329 4224 unus

280 4251 388 4316 quolibet
405 4251 453 4300 telo
467 4261 509 4301 aut
527 4251 594 4299 basta
609 4250 737 4315 intelligas,
751 4266 781 4300 ea
831 4248 927 4296 Morari.
944 4256 971 4296 ut
982 4246 1013 4294 sit
1023 4247 1140 4313 repetitio.
1156 4245 1199 4296 sed
1209 4248 1329 4300 efficacius

279 4324 458 4388 sigmlioatime,
474 4340 524 4389 qua
540 4341 555 4373 a
572 4323 672 4388 Virgilio
689 4323 780 4373 (lictum
827 4324 962 4384 pronaum:
985 4321 1043 4386 quia
1059 4332 1145 4371 erem
1160 4332 1233 4380 noete,
1250 4322 1328 4374 idest

280 4408 327 4447 est.
339 4397 435 4447 AEueid.
447 4398 489 4448 lib.
500 4396 534 4447 ir.
546 4414 606 4447 vers.
618 4399 676 4446 699.
713 4396 780 4446 Volat
829 4405 912 4452 morte,
923 4395 1045 4461 praecedit.
1057 4396 1141 4446 Horat.
1152 4396 1170 4446 i.
1182 4396 1232 4447 Od.
1243 4397 1277 4447 ir.

284 4469 346 4519 ltoto
362 4488 452 4520 mus.
476 4472 620 4521 hirsutius.
642 4470 685 4519 aed
703 4480 728 4519 et
748 4471 778 4520 de
859 4468 1326 4536 ereprmenrmsatolequmm.

281 4543 410 4595 Minotauri
420 4562 492 4595 cornu
503 4545 617 4611 accipitur
627 4553 699 4595 recte.
715 4545 777 4593 Stat.
829 4540 888 4590 Vid.
899 4558 962 4608 supr.
974 4544 1020 4609 ap.
1032 4544 1065 4594 vi.
1076 4545 1118 4595 96.
1135 4546 1224 4596 Bonis.

280 4614 323 4667 rii.
332 4617 409 4669 lbet.
420 4620 478 4668 670.
864 4616 920 4664 126.
939 4617 997 4667 Cam
1009 4622 1095 4669 ueteris
1110 4622 1180 4669 turbt
1198 4623 1269 4671 cetam
1286 4621 1325 4668 lto·

872 4700 923 4750 Ka
