3600 5925
539 822 797 890 HEROIDES.
822 822 893 887 ΕΡ.
918 822 1028 888 XIII.
1244 819 1310 888 169

262 993 419 1080 Troiisin
437 994 596 1069 invideo.
625 1019 711 1092 quae
729 996 762 1069 si
779 995 978 1068 lacrimosa
993 1018 1146 1067 suorum

315 1108 464 1183 Funera
480 1109 725 1208 conspicient,
745 1132 815 1183 nec
828 1110 959 1207 procul
977 1110 1095 1182 hostis
1113 1111 1184 1184 erit
1194 1139 1204 1199 ;

264 1224 355 1323 Ipsa
372 1225 449 1299 suis
468 1226 641 1299 munibus
659 1223 743 1299 forti
761 1249 858 1299 nova
874 1236 993 1324 nupta
1009 1225 1142 1298 marito

316 1338 493 1440 Impouet
509 1341 668 1437 galeam,
687 1341 921 1437 barbaroque
939 1364 1042 1413 arma
1059 1335 1191 1413 dabit(
1239 1345 1309 1414 140

265 1455 382 1529 Arma
397 1457 520 1530 dabit:
541 1457 708 1554 dumque
720 1479 824 1529 arma
839 1456 957 1543 dabit,
972 1456 1082 1529 simul
1099 1457 1229 1530 oscula
1245 1481 1307 1529 su·

315 1570 418 1667 (Hoc
437 1596 556 1669 genus
574 1571 684 1646 officii
701 1571 812 1644 dulce
828 1571 976 1644 duobus
994 1571 1094 1664 erit.)
1202 1572 1308 1666 [met,

267 1686 536 1784 Producetque
553 1688 672 1760 virum
687 1715 697 1775 ;
726 1687 887 1762 dubitet
909 1688 1086 1761 mandata
1101 1689 1234 1760 reverti
1247 1714 1270 1774 t,

319 1800 370 1876 Et
378 1802 509 1908 dicet:
539 1789 697 1877 Reseras
715 1803 800 1889 ista,
820 1802 915 1890 iace,
935 1827 1038 1876 arma
1053 1800 1151 1875 Juvi.

264 1971 391 2021 lectionem
401 1981 478 2022 mutet
486 1974 642 2030 Hubertinus,
649 1973 765 2038 legitque,
816 1972 880 2022 enirn
899 1972 1038 2038 Mendippe
1059 1972 1118 2021 citet
1138 1971 1202 2021 hunc
1220 1988 1312 2021 versum

264 2048 302 2093 sed
318 2049 374 2108 quid
390 2063 434 2112 ogo
450 2062 564 2095 morose.
581 2047 647 2095 nullu
662 2046 710 2095 elit
726 2062 764 2095 ru-
815 2046 900 2095 Cicero
908 2046 961 2095 libri
972 2046 1008 2094 iii.
1019 2046 1189 2103 TureQuest.
1199 2047 1226 2095 9.
1245 2046 1312 2099 Quis·

265 2118 337 2175 tione,
348 2136 422 2185 quem
432 2120 496 2184 quod
505 2120 571 2169 dicat
587 2136 714 2186 pronomen
725 2138 765 2185 ego
814 2137 868 2167 unm
876 2120 961 2183 florem
971 2121 1066 2168 tiber-um
1076 2122 1161 2167 inuidit
1171 2120 1253 2167 meum.
1271 2119 1313 2167 sed

265 2194 416 2259 posteriorem
424 2193 548 2260 corripere.
558 2194 600 2243 sed
611 2193 764 2259 egopriorenr
815 2191 898 2240 addit:
917 2193 982 2240 Mate
999 2193 1084 2240 Latine
1099 2195 1199 2249 uidetur,
1208 2195 1246 2240 sed
1256 2210 1313 2254 pre·

266 2266 393 2316 lectionem
409 2276 437 2316 ut
451 2266 569 2331 puriorem
587 2267 685 2322 retineo,
702 2276 728 2316 et
744 2267 764 2316 si
813 2267 876 2313 ctare
885 2267 984 2314 Accius:
1000 2275 1027 2313 ut
1044 2268 1104 2314 enirn
1113 2267 1198 2321 videre,
1208 2267 1240 2313 sie
1253 2268 1314 2313 iovi·

267 2339 325 2405 quid
341 2340 366 2389 in
383 2339 476 2405 syllaba
491 2356 562 2389 morse
580 2340 619 2396 sit,
634 2340 659 2388 id
675 2356 765 2389 cresuru
814 2341 867 2389 dere
878 2341 963 2405 florem
984 2342 1077 2396 rectius,
1096 2357 1163 2402 quom
1176 2340 1253 2403 βοῆς
1275 2358 1314 2389 uos

267 2411 542 2480 deiendiposeecenseo.
558 2414 703 2463 Mrcrnuos.
720 2413 766 2463 Sed
814 2416 977 2462 cmmetudine
994 2414 1146 2475 prohibetur.
1185 2412 1257 2460 Poeta
1270 2416 1316 2474 jur

267 2488 322 2549 quie
340 2504 380 2551 ego
396 2503 474 2535 noceo
484 2488 548 2535 iteri
563 2504 627 2536 orreo
641 2492 767 2537 renosoots's
815 2498 881 2535 meon
893 2489 1078 2544 teneritudini
1089 2489 1208 2535 audacius.
1228 2486 1314 2535 trustra

267 2562 348 2616 om,
357 2560 428 2624 rotgo
439 2558 525 2617 editur,
534 2559 577 2610 sed
586 2576 702 2626 nusquam
712 2576 766 2627 pro·
816 2577 873 2626 ergo
890 2561 1046 2611 Grammatici
1061 2560 1203 2610 recentiores
1219 2569 1315 2610 tuentur

268 2632 335 2682 ducit
344 2633 454 2682 ultimam
470 2632 495 2682 in
505 2651 546 2700 ego
556 2634 657 2695 Noster;
672 2650 703 2683 ex
719 2634 767 2683 ele·
817 2634 880 2683 hunc
896 2634 1044 2700 scripturum.
1062 2649 1125 2683 nunc
1135 2634 1258 2683 videamus
1273 2649 1313 2683 co·

267 2704 308 2769 gie
326 2706 351 2753 in
367 2705 474 2754 Drusum
492 2722 517 2754 r.
537 2708 593 2756 193.
617 2707 669 2755 hec
682 2706 769 2772 produ·
817 2706 1071 2774 diecsnranuscriptos.
1090 2706 1256 2756 Troosiuuideo
1265 2707 1314 2757 Pu·

269 2787 364 2835 cuntur,
374 2782 429 2842 quid
446 2796 487 2845 ego
496 2782 549 2841 jum
566 2783 768 2843 credulusinqos't.
818 2789 923 2831 tennens.
956 2781 1027 2832 Unde
1036 2781 1174 2838 Salmasius,
1185 2783 1222 2845 τῷ
1235 2785 1260 2829 in
1271 2798 1314 2846 ge-
1410 2781 1414 2786 ’

270 2854 314 2902 sed
330 2853 447 2902 eliserint
462 2852 558 2919 scripti:
575 2856 668 2919 putavit
682 2854 709 2903 id
724 2855 770 2903 sibi
818 2855 916 2912 minuto,
937 2855 1046 2912 feliciter,
1068 2863 1128 2904 teste
1145 2854 1264 2903 Grunorio
1289 2856 1315 2904 iu

269 2926 343 2977 licere
358 2926 479 2977 dmonius
497 2943 543 2977 non
557 2944 605 2978 uno
620 2926 681 2986 loco,
699 2937 770 2994 etque
819 2929 1029 2980 Observationibus
1038 2930 1082 2979 lib.
1094 2927 1161 2978 iiic.
1172 2930 1198 2978 3.
1216 2944 1314 2994 repone·

268 3000 339 3049 illurn
359 3000 445 3050 secuti.
466 3000 497 3051 de
518 3002 605 3066 quibus
625 3003 696 3052 Voss.
716 3002 770 3052 Art.
818 3005 869 3059 bet,
881 3003 975 3053 Troasin
985 3006 1083 3053 invideo⁸
1100 3003 1170 3051 tertio
1180 3018 1236 3051 cusu
1247 3002 1316 3052 Gre-

270 3074 355 3124 Gran.
368 3073 411 3123 lib.
421 3074 448 3125 ii.
459 3091 482 3124 c.
494 3076 535 3124 27.
549 3076 591 3125 sed
602 3086 627 3125 et
637 3075 677 3125 hic
687 3076 712 3125 in
723 3076 771 3125 elit
819 3093 848 3126 oo
867 3076 962 3142 plurali.
977 3077 1012 3127 sic
1028 3087 1053 3127 et
1073 3078 1098 3126 in
1117 3075 1233 3126 Tristibus
1250 3076 1316 3126 idem

270 3147 351 3196 omnia
358 3147 485 3198 discedunt
495 3156 587 3199 veteres
595 3149 657 3206 libri,
669 3166 768 3215 quorum
819 3150 863 3199 lib.
875 3168 899 3198 v.
911 3150 951 3198 El.
959 3169 984 3199 v.

272 3220 392 3270 nonnulii:
853 3223 935 3273 Edidit
954 3225 999 3272 tce
1016 3238 1087 3271 moret
1103 3224 1151 3271 illis
1168 3224 1266 3272 heroisin
1283 3241 1314 3273 e·

232 3280 241 3305 ⁰
303 3296 347 3344 Sed
363 3298 468 3360 widego
481 3298 574 3345 senoco?
590 3298 671 3346 teum
686 3302 769 3361 prom
883 3314 945 3360 quos.

335 3371 491 3419 moiseo.
819 3369 1315 3436 Emendebotetiemvere.numperperrnr

273 3442 320 3492 Vel
338 3459 415 3491 renoeo
429 3444 483 3490 tec.
502 3452 526 3490 et
540 3460 621 3492 senum
641 3463 711 3504 omen,
729 3448 768 3496 vei
818 3442 1004 3508 vulgoteroitus
1020 3442 1114 3508 iegitur.
1131 3444 1166 3492 sic
1176 3452 1202 3492 et
1210 3444 1317 3509 Epistola

272 3519 415 3567 tureoseo.
432 3515 488 3564 eiii:
716 3570 724 3578 ,
818 3518 946 3568 Adtdnee.
957 3535 979 3568 c.
991 3519 1030 3569 ³7.
1042 3534 1072 3567 ex
1084 3517 1189 3582 vestigiis
1198 3518 1317 3567 veterrimi

306 3591 352 3639 Sed
371 3593 426 3653 quid
439 3608 482 3655 crgo
502 3593 623 3640 niueum?
644 3598 770 3644 revocantis
819 3593 908 3643 codicis
917 3593 976 3643 forte
987 3591 1162 3658 reponendum:

339 3667 508 3714 mmo.
853 3667 910 3722 Quis
929 3671 971 3717 scit
987 3685 1018 3715 oo
1033 3678 1056 3714 et
1081 3669 1142 3714 seuit
1158 3667 1251 3728 tigrisio
1276 3667 1319 3713 itta

272 3739 330 3797 vet,
347 3756 419 3788 meu.
435 3738 483 3795 vel,
501 3755 564 3787 oneo
576 3745 711 3791 meanto.
729 3742 770 3791 ulii
884 3743 962 3789 vocet?
1196 3738 1286 3786 Herus.

273 3815 351 3864 tliter.
385 3814 448 3864 Puto
457 3812 620 3863 scribendum:
854 3815 909 3864 143.
927 3811 1107 3876 Producetque]
1133 3811 1265 3873 Educetque
1284 3820 1320 3860 est

305 3888 350 3937 Sed
359 3890 415 3952 quid
422 3905 462 3954 ego
472 3889 510 3936 isos
519 3890 615 3936 revoco?
625 3892 772 3937 revocaminis
820 3887 846 3936 in
854 3887 959 3936 editione
972 3886 1057 3951 primu.
1073 3884 1115 3933 sed
1125 3898 1257 3949 perperam.
1275 3900 1318 3933 ne·

339 3978 403 4011 osteo
413 3963 496 4010 obsto.
821 3977 868 4025 que
878 3960 951 4009 etium
969 3968 1032 4009 recte
1047 3959 1108 4007 Ant.
1126 3956 1235 4013 Volscus,
1252 3967 1277 4007 et
1292 3968 1320 4007 ut

275 4035 385 4086 Vrderint
405 4036 530 4091 acutiores,
547 4033 568 4083 si
583 4048 610 4082 se
630 4032 771 4083 feliciores
820 4035 891 4088 solet.
913 4033 1027 4099 pessimas
1046 4032 1096 4080 sere
1116 4030 1321 4096 interpretationes

276 4110 383 4160 hocloco
393 4108 531 4176 expedient.
564 4108 657 4157 Herus.
821 4122 933 4173 sequens.
978 4107 1100 4172 Crispinus
1118 4105 1230 4170 explicet,
1252 4109 1320 4172 longa

311 4186 367 4233 13⁷.
386 4182 487 4232 Troados
506 4182 620 4245 invideo]
640 4180 774 4237 Σολοιεὶζιι
822 4183 1018 4238 morudetiuetit3
1035 4181 1170 4228 retardabit.
1187 4180 1250 4244 quod
1261 4181 1319 4245 quin

221 4274 228 4285 ·
278 4259 328 4308 bec
339 4258 437 4324 vulgate
446 4257 531 4307 lectio:
550 4272 604 4305 narn
613 4254 672 4303 nihii
683 4254 714 4304 ed
724 4269 773 4303 rem
821 4258 946 4317 producere
954 4252 1083 4318 uliquendo
1100 4262 1172 4311 notet,
1183 4252 1275 4302 nulium
1285 4265 1320 4304 est

278 4332 341 4390 tecit,
349 4332 413 4398 quod
419 4348 449 4380 ex
459 4332 542 4381 Tacito
550 4330 651 4380 adduxit
660 4327 774 4379 Cioiunus
823 4326 939 4386 dubium
955 4326 997 4374 sed
1014 4333 1072 4375 tunc
1089 4325 1236 4376 mutere
1247 4326 1319 4393 sigui-

277 4406 319 4457 lib.
330 4409 348 4456 i.
367 4406 404 4455 Ne
413 4408 577 4470 tostespsidem
586 4406 727 4467 sepulturum
737 4406 774 4451 t'o·
823 4401 957 4451 ficationem
979 4399 1066 4449 hebet:
1092 4398 1139 4458 hio,
1161 4411 1206 4458 est,
1227 4401 1321 4451 honoris

278 4485 363 4538 uident,
375 4480 415 4530 ubi
428 4482 525 4529 hostibus
540 4478 773 4543 subintelligendum.
824 4492 908 4527 ceusu
916 4474 1074 4532 comiuutur,
1081 4483 1106 4524 et
1116 4487 1269 4541 prosequetur
1278 4493 1320 4526 ex·

278 4556 384 4606 Aeeisno
394 4564 437 4604 snt
453 4553 588 4603 Pacuviano
600 4570 651 4604 ervo
661 4554 775 4603 valuisset
824 4549 978 4609 treduinum
995 4558 1022 4598 ut
1032 4558 1096 4600 recte
1106 4549 1261 4601 liubertinus.
1270 4551 1320 4599 Ve-

280 4630 324 4679 hec
336 4629 433 4685 incutio,
444 4628 543 4678 Troados
553 4631 654 4678 invideo:
665 4644 694 4676 er
706 4626 774 4677 Accii
823 4627 867 4676 Ier.
879 4624 946 4674 I'lsc.
956 4642 979 4674 v.
991 4625 1053 4673 ³82:
