<?xml version="1.0" encoding="UTF-8"?>
<!DOCTYPE html PUBLIC "-//W3C//DTD XHTML 1.0 Transitional//EN"
    "http://www.w3.org/TR/xhtml1/DTD/xhtml1-transitional.dtd">
<html xmlns="http://www.w3.org/1999/xhtml" xml:lang="en" lang="en">
 <head>
  <title>
</title>
<meta http-equiv="Content-Type" content="text/html;charset=utf-8" />
  <meta name='ocr-system' content='tesseract 3.04.00' />
  <meta name='ocr-capabilities' content='ocr_page ocr_carea ocr_par ocr_line ocrx_word'/>
</head>
<body>
  <div class='ocr_page' id='page_1' title='image "./opera00giergoog/opera00giergoog_0346.png"; bbox 0 0 3600 5925; ppageno 0'>
   <div class='ocr_carea' id='block_1_1' title="bbox 494 684 1247 758">
    <p class='ocr_par' dir='ltr' id='par_1_1' title="bbox 494 684 1247 758">
     <span class='ocr_line' id='line_1_1' title="bbox 494 684 1247 758; baseline -0.011 0"><span class='ocrx_word' id='word_1_1' title='bbox 494 693 559 758; x_wconf 76' lang='lat'>276</span> <span class='ocrx_word' id='word_1_2' title='bbox 789 689 827 751; x_wconf 92' lang='lat' dir='ltr'>P.</span> <span class='ocrx_word' id='word_1_3' title='bbox 851 685 1012 751; x_wconf 90' lang='lat' dir='ltr'>OVIDII</span> <span class='ocrx_word' id='word_1_4' title='bbox 1036 684 1247 750; x_wconf 82' lang='lat' dir='ltr'><strong>NASONIS</strong></span> 
     </span>
    </p>
   </div>
   <div class='ocr_carea' id='block_1_2' title="bbox 494 857 1534 2695">
    <p class='ocr_par' dir='ltr' id='par_1_2' title="bbox 494 857 1534 2695">
     <span class='ocr_line' id='line_1_2' title="bbox 498 857 1447 959; baseline -0.005 -21"><span class='ocrx_word' id='word_1_5' title='bbox 498 867 794 959; x_wconf 81' lang='lat' dir='ltr'>Contrectatque</span> <span class='ocrx_word' id='word_1_6' title='bbox 812 861 928 945; x_wconf 85' lang='lat' dir='ltr'>sinus,</span> <span class='ocrx_word' id='word_1_7' title='bbox 948 870 987 933; x_wconf 89' lang='lat' dir='ltr'>et</span> <span class='ocrx_word' id='word_1_8' title='bbox 1002 857 1157 932; x_wconf 76' lang='lat' dir='ltr'>forsitan</span> <span class='ocrx_word' id='word_1_9' title='bbox 1174 860 1303 932; x_wconf 86' lang='lat' dir='ltr'>oscula</span> <span class='ocrx_word' id='word_1_10' title='bbox 1315 863 1447 957; x_wconf 83' lang='lat' dir='ltr'>jungit.</span> 
     </span>
     <span class='ocr_line' id='line_1_3' title="bbox 548 973 1260 1074; baseline -0.006 -23"><span class='ocrx_word' id='word_1_11' title='bbox 548 978 681 1053; x_wconf 89' lang='lat' dir='ltr'>Officio</span> <span class='ocrx_word' id='word_1_12' title='bbox 698 999 841 1051; x_wconf 87' lang='lat' dir='ltr'>merces</span> <span class='ocrx_word' id='word_1_13' title='bbox 859 974 1003 1074; x_wconf 85' lang='lat' dir='ltr'>plenior</span> <span class='ocrx_word' id='word_1_14' title='bbox 1016 973 1088 1047; x_wconf 92' lang='lat' dir='ltr'>ista</span> <span class='ocrx_word' id='word_1_15' title='bbox 1104 996 1173 1047; x_wconf 92' lang='lat' dir='ltr'>suo</span> <span class='ocrx_word' id='word_1_16' title='bbox 1189 984 1260 1048; x_wconf 87' lang='lat' dir='ltr'>est.</span> 
     </span>
     <span class='ocr_line' id='line_1_4' title="bbox 497 1081 1458 1191; baseline -0.004 -24"><span class='ocrx_word' id='word_1_17' title='bbox 497 1094 591 1179; x_wconf 85' lang='lat' dir='ltr'>Quis</span> <span class='ocrx_word' id='word_1_18' title='bbox 608 1094 676 1186; x_wconf 87' lang='lat' dir='ltr'>tibi</span> <span class='ocrx_word' id='word_1_19' title='bbox 693 1081 862 1191; x_wconf 82' lang='lat' dir='ltr'>permisit</span> <span class='ocrx_word' id='word_1_20' title='bbox 879 1099 1024 1162; x_wconf 90' lang='lat' dir='ltr'>nostras</span> <span class='ocrx_word' id='word_1_21' title='bbox 1041 1112 1274 1186; x_wconf 87' lang='lat' dir='ltr'>praecerpere</span> <span class='ocrx_word' id='word_1_22' title='bbox 1291 1092 1458 1165; x_wconf 76' lang='lat' dir='ltr'>messes?</span> 
     </span>
     <span class='ocr_line' id='line_1_5' title="bbox 547 1202 1334 1307; baseline -0.005 -24"><span class='ocrx_word' id='word_1_23' title='bbox 547 1209 608 1282; x_wconf 89' lang='lat' dir='ltr'>Ad</span> <span class='ocrx_word' id='word_1_24' title='bbox 626 1232 755 1307; x_wconf 89' lang='lat' dir='ltr'>sepem</span> <span class='ocrx_word' id='word_1_25' title='bbox 774 1205 926 1279; x_wconf 88' lang='lat' dir='ltr'>alterius</span> <span class='ocrx_word' id='word_1_26' title='bbox 943 1203 1028 1301; x_wconf 92' lang='lat' dir='ltr'>quis</span> <span class='ocrx_word' id='word_1_27' title='bbox 1046 1202 1221 1278; x_wconf 84' lang='lat' dir='ltr'>tibisecit</span> <span class='ocrx_word' id='word_1_28' title='bbox 1237 1204 1334 1279; x_wconf 77' lang='lat' dir='ltr'>iter?</span> 
     </span>
     <span class='ocr_line' id='line_1_6' title="bbox 496 1320 1490 1417; baseline -0.001 -21"><span class='ocrx_word' id='word_1_29' title='bbox 496 1323 574 1399; x_wconf 84' lang='lat' dir='ltr'>Iste</span> <span class='ocrx_word' id='word_1_30' title='bbox 592 1325 695 1398; x_wconf 91' lang='lat' dir='ltr'>sinus</span> <span class='ocrx_word' id='word_1_31' title='bbox 712 1324 819 1396; x_wconf 83' lang='lat' dir='ltr'>meus</span> <span class='ocrx_word' id='word_1_32' title='bbox 837 1331 916 1396; x_wconf 90' lang='lat' dir='ltr'>est:</span> <span class='ocrx_word' id='word_1_33' title='bbox 945 1344 1030 1394; x_wconf 84' lang='lat' dir='ltr'>mea</span> <span class='ocrx_word' id='word_1_34' title='bbox 1046 1320 1204 1417; x_wconf 89' lang='lat' dir='ltr'>turpiter</span> <span class='ocrx_word' id='word_1_35' title='bbox 1220 1322 1349 1395; x_wconf 90' lang='lat' dir='ltr'>oscula</span> <span class='ocrx_word' id='word_1_36' title='bbox 1361 1321 1490 1395; x_wconf 88' lang='lat' dir='ltr'>sumis.</span> 
     </span>
     <span class='ocr_line' id='line_1_7' title="bbox 544 1436 1533 1539; baseline -0.003 -25"><span class='ocrx_word' id='word_1_37' title='bbox 544 1440 579 1513; x_wconf 90' lang='lat' dir='ltr'>A</span> <span class='ocrx_word' id='word_1_38' title='bbox 597 1441 686 1514; x_wconf 91' lang='lat' dir='ltr'>mihi</span> <span class='ocrx_word' id='word_1_39' title='bbox 704 1439 887 1539; x_wconf 88' lang='lat' dir='ltr'>promisso</span> <span class='ocrx_word' id='word_1_40' title='bbox 904 1461 1060 1536; x_wconf 87' lang='lat' dir='ltr'>corpore</span> <span class='ocrx_word' id='word_1_41' title='bbox 1077 1436 1166 1510; x_wconf 89' lang='lat' dir='ltr'>tolle</span> <span class='ocrx_word' id='word_1_42' title='bbox 1182 1460 1326 1510; x_wconf 87' lang='lat' dir='ltr'>manus.</span> <span class='ocrx_word' id='word_1_43' title='bbox 1361 1491 1366 1498; x_wconf 76' lang='lat'><strong>·</strong></span> <span class='ocrx_word' id='word_1_44' title='bbox 1463 1442 1533 1511; x_wconf 83' lang='grc'>146</span> 
     </span>
     <span class='ocr_line' id='line_1_8' title="bbox 496 1553 1534 1655; baseline -0.002 -27"><span class='ocrx_word' id='word_1_45' title='bbox 496 1555 684 1655; x_wconf 88' lang='lat' dir='ltr'>Improbe,</span> <span class='ocrx_word' id='word_1_46' title='bbox 702 1555 791 1630; x_wconf 87' lang='lat' dir='ltr'>tolle</span> <span class='ocrx_word' id='word_1_47' title='bbox 809 1578 954 1628; x_wconf 86' lang='lat' dir='ltr'>manus.</span> <span class='ocrx_word' id='word_1_48' title='bbox 983 1577 1096 1651; x_wconf 91' lang='lat' dir='ltr'>quam</span> <span class='ocrx_word' id='word_1_49' title='bbox 1114 1553 1248 1650; x_wconf 83' lang='lat' dir='ltr'>tangis,</span> <span class='ocrx_word' id='word_1_50' title='bbox 1267 1564 1393 1628; x_wconf 88' lang='lat' dir='ltr'>nostra</span> <span class='ocrx_word' id='word_1_51' title='bbox 1409 1553 1534 1627; x_wconf 85' lang='lat' dir='ltr'>lutura</span> 
     </span>
     <span class='ocr_line' id='line_1_9' title="bbox 544 1669 1532 1765; baseline -0.004 -20"><span class='ocrx_word' id='word_1_52' title='bbox 544 1672 751 1745; x_wconf 87' lang='lat' dir='ltr'>Postmodo</span> <span class='ocrx_word' id='word_1_53' title='bbox 768 1671 800 1744; x_wconf 91' lang='lat' dir='ltr'>si</span> <span class='ocrx_word' id='word_1_54' title='bbox 818 1670 933 1745; x_wconf 83' lang='lat' dir='ltr'>facias</span> <span class='ocrx_word' id='word_1_55' title='bbox 950 1670 1062 1757; x_wconf 90' lang='lat' dir='ltr'>istud,</span> <span class='ocrx_word' id='word_1_56' title='bbox 1081 1670 1227 1744; x_wconf 85' lang='lat' dir='ltr'>adulter</span> <span class='ocrx_word' id='word_1_57' title='bbox 1242 1669 1327 1743; x_wconf 89' lang='lat' dir='ltr'>eris.</span> <span class='ocrx_word' id='word_1_58' title='bbox 1443 1672 1532 1765; x_wconf 90' lang='lat' dir='ltr'>[est.</span> 
     </span>
     <span class='ocr_line' id='line_1_10' title="bbox 495 1784 1440 1885; baseline -0.004 -23"><span class='ocrx_word' id='word_1_59' title='bbox 495 1784 604 1885; x_wconf 72' lang='lat' dir='ltr'>Elige</span> <span class='ocrx_word' id='word_1_60' title='bbox 621 1787 669 1861; x_wconf 89' lang='lat' dir='ltr'>de</span> <span class='ocrx_word' id='word_1_61' title='bbox 687 1786 827 1873; x_wconf 91' lang='lat' dir='ltr'>vacuis,</span> <span class='ocrx_word' id='word_1_62' title='bbox 846 1809 962 1884; x_wconf 91' lang='lat' dir='ltr'>quam</span> <span class='ocrx_word' id='word_1_63' title='bbox 979 1810 1053 1859; x_wconf 93' lang='lat' dir='ltr'>non</span> <span class='ocrx_word' id='word_1_64' title='bbox 1070 1785 1141 1860; x_wconf 89' lang='lat' dir='ltr'>sibi</span> <span class='ocrx_word' id='word_1_65' title='bbox 1155 1784 1319 1860; x_wconf 88' lang='lat' dir='ltr'>vindicet</span> <span class='ocrx_word' id='word_1_66' title='bbox 1335 1785 1440 1859; x_wconf 85' lang='lat' dir='ltr'>alter.</span> 
     </span>
     <span class='ocr_line' id='line_1_11' title="bbox 547 1901 1534 1989; baseline -0.003 -12"><span class='ocrx_word' id='word_1_67' title='bbox 547 1903 588 1977; x_wconf 91' lang='lat' dir='ltr'>Si</span> <span class='ocrx_word' id='word_1_68' title='bbox 606 1903 741 1989; x_wconf 75' lang='lat' dir='ltr'>nesciS,</span> <span class='ocrx_word' id='word_1_69' title='bbox 760 1902 952 1975; x_wconf 92' lang='lat' dir='ltr'>dominum</span> <span class='ocrx_word' id='word_1_70' title='bbox 970 1925 1030 1974; x_wconf 88' lang='lat' dir='ltr'>res</span> <span class='ocrx_word' id='word_1_71' title='bbox 1047 1901 1162 1974; x_wconf 89' lang='lat' dir='ltr'>habet</span> <span class='ocrx_word' id='word_1_72' title='bbox 1178 1901 1250 1975; x_wconf 91' lang='lat' dir='ltr'>ista</span> <span class='ocrx_word' id='word_1_73' title='bbox 1266 1924 1387 1974; x_wconf 90' lang='lat' dir='ltr'>sunm.</span> <span class='ocrx_word' id='word_1_74' title='bbox 1462 1904 1534 1974; x_wconf 80' lang='lat'>150</span> 
     </span>
     <span class='ocr_line' id='line_1_12' title="bbox 496 2014 1437 2114; baseline -0.002 -21"><span class='ocrx_word' id='word_1_75' title='bbox 496 2018 578 2093; x_wconf 89' lang='lat' dir='ltr'>Nec</span> <span class='ocrx_word' id='word_1_76' title='bbox 597 2018 687 2091; x_wconf 91' lang='lat' dir='ltr'>mihi</span> <span class='ocrx_word' id='word_1_77' title='bbox 696 2016 929 2091; x_wconf 80' lang='lat' dir='ltr'>credideris:</span> <span class='ocrx_word' id='word_1_78' title='bbox 958 2016 1138 2098; x_wconf 69' lang='lat' dir='ltr'>recitetur,</span> <span class='ocrx_word' id='word_1_79' title='bbox 1151 2014 1307 2090; x_wconf 85' lang='lat' dir='ltr'>formula</span> <span class='ocrx_word' id='word_1_80' title='bbox 1323 2017 1437 2114; x_wconf 90' lang='lat' dir='ltr'>pacti.</span> 
     </span>
     <span class='ocr_line' id='line_1_13' title="bbox 545 2130 1363 2231; baseline -0.004 -23"><span class='ocrx_word' id='word_1_81' title='bbox 545 2133 581 2208; x_wconf 93' lang='lat' dir='ltr'>N</span> <span class='ocrx_word' id='word_1_82' title='bbox 585 2158 632 2209; x_wconf 90' lang='lat' dir='ltr'>eu</span> <span class='ocrx_word' id='word_1_83' title='bbox 649 2133 781 2208; x_wconf 88' lang='lat' dir='ltr'>falsam</span> <span class='ocrx_word' id='word_1_84' title='bbox 798 2133 903 2208; x_wconf 87' lang='lat' dir='ltr'>dieas</span> <span class='ocrx_word' id='word_1_85' title='bbox 920 2156 1026 2221; x_wconf 87' lang='lat' dir='ltr'>esse;</span> <span class='ocrx_word' id='word_1_86' title='bbox 1055 2130 1136 2206; x_wconf 87' lang='lat' dir='ltr'>face</span> <span class='ocrx_word' id='word_1_87' title='bbox 1154 2132 1236 2231; x_wconf 90' lang='lat' dir='ltr'>ipsa</span> <span class='ocrx_word' id='word_1_88' title='bbox 1250 2133 1363 2229; x_wconf 81' lang='lat' dir='ltr'>legat.</span> 
     </span>
     <span class='ocr_line' id='line_1_14' title="bbox 494 2248 1411 2336; baseline -0.001 -14"><span class='ocrx_word' id='word_1_89' title='bbox 494 2249 659 2324; x_wconf 87' lang='lat' dir='ltr'>Alterius</span> <span class='ocrx_word' id='word_1_90' title='bbox 677 2249 854 2336; x_wconf 83' lang='lat' dir='ltr'>thalamo,</span> <span class='ocrx_word' id='word_1_91' title='bbox 873 2249 941 2323; x_wconf 91' lang='lat' dir='ltr'>tibi</span> <span class='ocrx_word' id='word_1_92' title='bbox 960 2272 1040 2334; x_wconf 92' lang='lat' dir='ltr'>nos,</span> <span class='ocrx_word' id='word_1_93' title='bbox 1060 2248 1128 2323; x_wconf 90' lang='lat' dir='ltr'>tibi</span> <span class='ocrx_word' id='word_1_94' title='bbox 1146 2248 1318 2336; x_wconf 87' lang='lat' dir='ltr'>dicimus,</span> <span class='ocrx_word' id='word_1_95' title='bbox 1337 2250 1411 2324; x_wconf 84' lang='lat' dir='ltr'>exi.</span> 
     </span>
     <span class='ocr_line' id='line_1_15' title="bbox 544 2363 1411 2454; baseline 0 -16"><span class='ocrx_word' id='word_1_96' title='bbox 544 2363 644 2449; x_wconf 86' lang='lat' dir='ltr'>Quid</span> <span class='ocrx_word' id='word_1_97' title='bbox 662 2363 754 2438; x_wconf 84' lang='lat' dir='ltr'>facis</span> <span class='ocrx_word' id='word_1_98' title='bbox 771 2365 858 2439; x_wconf 78' lang='lat' dir='ltr'>hic?</span> <span class='ocrx_word' id='word_1_99' title='bbox 884 2366 964 2454; x_wconf 79' lang='lat' dir='ltr'>exi3</span> <span class='ocrx_word' id='word_1_100' title='bbox 994 2390 1067 2438; x_wconf 92' lang='lat' dir='ltr'>non</span> <span class='ocrx_word' id='word_1_101' title='bbox 1084 2376 1192 2440; x_wconf 85' lang='lat' dir='ltr'>vacat</span> <span class='ocrx_word' id='word_1_102' title='bbox 1208 2366 1279 2440; x_wconf 90' lang='lat' dir='ltr'>iste</span> <span class='ocrx_word' id='word_1_103' title='bbox 1296 2376 1411 2440; x_wconf 80' lang='lat' dir='ltr'>torus.</span> 
     </span>
     <span class='ocr_line' id='line_1_16' title="bbox 494 2479 1529 2580; baseline 0.003 -27"><span class='ocrx_word' id='word_1_104' title='bbox 494 2479 530 2553; x_wconf 94' lang='lat' dir='ltr'>N</span> <span class='ocrx_word' id='word_1_105' title='bbox 533 2481 715 2578; x_wconf 88' lang='lat' dir='ltr'>amquod</span> <span class='ocrx_word' id='word_1_106' title='bbox 732 2482 849 2558; x_wconf 86' lang='lat' dir='ltr'>habes</span> <span class='ocrx_word' id='word_1_107' title='bbox 867 2491 907 2555; x_wconf 90' lang='lat' dir='ltr'>et</span> <span class='ocrx_word' id='word_1_108' title='bbox 922 2491 965 2554; x_wconf 93' lang='lat' dir='ltr'>tu</span> <span class='ocrx_word' id='word_1_109' title='bbox 982 2481 1133 2555; x_wconf 90' lang='lat' dir='ltr'>humaui</span> <span class='ocrx_word' id='word_1_110' title='bbox 1147 2483 1259 2556; x_wconf 89' lang='lat' dir='ltr'>verba</span> <span class='ocrx_word' id='word_1_111' title='bbox 1275 2482 1393 2558; x_wconf 79' lang='lat' dir='ltr'>altem</span> <span class='ocrx_word' id='word_1_112' title='bbox 1408 2482 1529 2580; x_wconf 87' lang='lat' dir='ltr'>pacti;</span> 
     </span>
     <span class='ocr_line' id='line_1_17' title="bbox 543 2594 1532 2695; baseline 0.003 -27"><span class='ocrx_word' id='word_1_113' title='bbox 543 2594 579 2668; x_wconf 94' lang='lat' dir='ltr'>N</span> <span class='ocrx_word' id='word_1_114' title='bbox 582 2620 630 2669; x_wconf 93' lang='lat' dir='ltr'>on</span> <span class='ocrx_word' id='word_1_115' title='bbox 648 2596 717 2670; x_wconf 90' lang='lat' dir='ltr'>erit</span> <span class='ocrx_word' id='word_1_116' title='bbox 734 2596 873 2670; x_wconf 90' lang='lat' dir='ltr'>idcirco</span> <span class='ocrx_word' id='word_1_117' title='bbox 890 2620 958 2695; x_wconf 87' lang='lat' dir='ltr'>par</span> <span class='ocrx_word' id='word_1_118' title='bbox 974 2606 1040 2671; x_wconf 84' lang='lat' dir='ltr'>tua</span> <span class='ocrx_word' id='word_1_119' title='bbox 1056 2621 1190 2672; x_wconf 84' lang='lat' dir='ltr'>caussa</span> <span class='ocrx_word' id='word_1_120' title='bbox 1207 2621 1312 2673; x_wconf 77' lang='lat' dir='ltr'>meaa.</span> <span class='ocrx_word' id='word_1_121' title='bbox 1461 2602 1532 2671; x_wconf 85' lang='grc'>156</span> 
     </span>
    </p>
   </div>
   <div class='ocr_carea' id='block_1_3' title="bbox 482 2812 1534 4572">
    <p class='ocr_par' dir='ltr' id='par_1_3' title="bbox 490 2812 1532 2937">
     <span class='ocr_line' id='line_1_18' title="bbox 491 2812 1532 2881; baseline -0.001 -19"><span class='ocrx_word' id='word_1_122' title='bbox 491 2813 521 2862; x_wconf 79' lang='lat' dir='ltr'>ad</span> <span class='ocrx_word' id='word_1_123' title='bbox 539 2812 702 2862; x_wconf 77' lang='lat' dir='ltr'>Frontemlib.</span> <span class='ocrx_word' id='word_1_124' title='bbox 717 2813 754 2861; x_wconf 87' lang='lat' dir='ltr'>iii.</span> <span class='ocrx_word' id='word_1_125' title='bbox 771 2814 874 2878; x_wconf 76' lang='lat' dir='ltr'>Strateg.</span> <span class='ocrx_word' id='word_1_126' title='bbox 885 2830 940 2880; x_wconf 82' lang='lat' dir='ltr'>cap.</span> <span class='ocrx_word' id='word_1_127' title='bbox 952 2815 987 2862; x_wconf 90' lang='lat' dir='ltr'>iii.</span> <span class='ocrx_word' id='word_1_128' title='bbox 1036 2814 1097 2864; x_wconf 80' lang='lat' dir='ltr'>dixit</span> <span class='ocrx_word' id='word_1_129' title='bbox 1106 2831 1149 2880; x_wconf 87' lang='lat' dir='ltr'>pro</span> <span class='ocrx_word' id='word_1_130' title='bbox 1164 2815 1323 2881; x_wconf 72' lang='lat' dir='ltr'>agrosapibur</span> <span class='ocrx_word' id='word_1_131' title='bbox 1333 2814 1432 2863; x_wconf 78' lang='lat' dir='ltr'>munito.</span> <span class='ocrx_word' id='word_1_132' title='bbox 1443 2812 1532 2863; x_wconf 76' lang='lat' dir='ltr'>siclib.</span> 
     </span>
     <span class='ocr_line' id='line_1_19' title="bbox 490 2887 1204 2937; baseline 0.001 -1"><span class='ocrx_word' id='word_1_133' title='bbox 490 2888 584 2936; x_wconf 66' lang='lat' dir='ltr'>necno.</span> <span class='ocrx_word' id='word_1_134' title='bbox 617 2888 706 2936; x_wconf 76' lang='lat' dir='ltr'>Bonis.</span> <span class='ocrx_word' id='word_1_135' title='bbox 1036 2888 1072 2936; x_wconf 89' lang='lat' dir='ltr'>iii.</span> <span class='ocrx_word' id='word_1_136' title='bbox 1081 2887 1135 2937; x_wconf 82' lang='lat' dir='ltr'>Art.</span> <span class='ocrx_word' id='word_1_137' title='bbox 1146 2889 1204 2937; x_wconf 73' lang='lat'><strong>562.</strong></span> 
     </span>
    </p>

    <p class='ocr_par' dir='ltr' id='par_1_4' title="bbox 489 2961 1533 3249">
     <span class='ocr_line' id='line_1_20' title="bbox 526 2961 1532 3025; baseline 0.001 -15"><span class='ocrx_word' id='word_1_138' title='bbox 526 2964 581 3012; x_wconf 78' lang='lat'>142.</span> <span class='ocrx_word' id='word_1_139' title='bbox 609 2962 703 3010; x_wconf 80' lang='lat' dir='ltr'>Plenior</span> <span class='ocrx_word' id='word_1_140' title='bbox 726 2962 769 3010; x_wconf 72' lang='lat' dir='ltr'>itta</span> <span class='ocrx_word' id='word_1_141' title='bbox 795 2980 834 3011; x_wconf 77' lang='lat' dir='ltr'>ruo</span> <span class='ocrx_word' id='word_1_142' title='bbox 855 2962 909 3025; x_wconf 66' lang='lat' dir='ltr'>cst]</span> <span class='ocrx_word' id='word_1_143' title='bbox 938 2962 986 3012; x_wconf 75' lang='lat' dir='ltr'>latu</span> <span class='ocrx_word' id='word_1_144' title='bbox 1071 2961 1532 3024; x_wconf 66' lang='lat' dir='ltr'>Temperaord,tibimpoein1rtrut</span> 
     </span>
     <span class='ocr_line' id='line_1_21' title="bbox 489 3034 1186 3100; baseline 0.001 -17"><span class='ocrx_word' id='word_1_145' title='bbox 489 3035 579 3100; x_wconf 83' lang='lat' dir='ltr'>scripti.</span> <span class='ocrx_word' id='word_1_146' title='bbox 609 3034 741 3084; x_wconf 65' lang='lat' dir='ltr'>unsaros.</span> <span class='ocrx_word' id='word_1_147' title='bbox 780 3037 873 3086; x_wconf 63' lang='lat' dir='ltr'>Plator</span> <span class='ocrx_word' id='word_1_148' title='bbox 891 3036 930 3086; x_wconf 81' lang='lat' dir='ltr'>liic</span> <span class='ocrx_word' id='word_1_149' title='bbox 950 3047 987 3086; x_wconf 78' lang='lat' dir='ltr'>ast</span> <span class='ocrx_word' id='word_1_150' title='bbox 1131 3040 1186 3085; x_wconf 79' lang='lat' dir='ltr'>oni:</span> 
     </span>
     <span class='ocr_line' id='line_1_22' title="bbox 490 3108 1533 3176; baseline 0.004 -21"><span class='ocrx_word' id='word_1_151' title='bbox 490 3108 571 3173; x_wconf 73' lang='lat' dir='ltr'>major,</span> <span class='ocrx_word' id='word_1_152' title='bbox 592 3108 691 3175; x_wconf 78' lang='lat' dir='ltr'>amplior</span> <span class='ocrx_word' id='word_1_153' title='bbox 700 3128 715 3169; x_wconf 90' lang='lat'>;·</span> <span class='ocrx_word' id='word_1_154' title='bbox 733 3109 851 3176; x_wconf 86' lang='lat' dir='ltr'>proprium</span> <span class='ocrx_word' id='word_1_155' title='bbox 874 3110 905 3159; x_wconf 84' lang='lat' dir='ltr'>de</span> <span class='ocrx_word' id='word_1_156' title='bbox 925 3110 986 3159; x_wconf 82' lang='lat' dir='ltr'>divi·</span> <span class='ocrx_word' id='word_1_157' title='bbox 1101 3109 1221 3176; x_wconf 77' lang='lat' dir='ltr'>Cingrndo</span> <span class='ocrx_word' id='word_1_158' title='bbox 1240 3119 1272 3158; x_wconf 73' lang='lat' dir='ltr'>ert</span> <span class='ocrx_word' id='word_1_159' title='bbox 1295 3112 1349 3159; x_wconf 69' lang='lat' dir='ltr'>aaa</span> <span class='ocrx_word' id='word_1_160' title='bbox 1373 3111 1459 3173; x_wconf 67' lang='lat' dir='ltr'>opitu</span> <span class='ocrx_word' id='word_1_161' title='bbox 1485 3114 1533 3159; x_wconf 75' lang='lat' dir='ltr'>ista</span> 
     </span>
     <span class='ocr_line' id='line_1_23' title="bbox 489 3182 1198 3249; baseline 0.001 -18"><span class='ocrx_word' id='word_1_162' title='bbox 489 3182 528 3231; x_wconf 83' lang='lat' dir='ltr'>tiis</span> <span class='ocrx_word' id='word_1_163' title='bbox 554 3182 706 3233; x_wconf 84' lang='lat' dir='ltr'>vocabulum.</span> <span class='ocrx_word' id='word_1_164' title='bbox 740 3183 776 3233; x_wconf 76' lang='lat' dir='ltr'>its</span> <span class='ocrx_word' id='word_1_165' title='bbox 800 3184 909 3234; x_wconf 68' lang='lat' dir='ltr'>Maniai.</span> <span class='ocrx_word' id='word_1_166' title='bbox 942 3184 984 3233; x_wconf 80' lang='lat' dir='ltr'>rii.</span> <span class='ocrx_word' id='word_1_167' title='bbox 1130 3200 1198 3249; x_wconf 75' lang='lat' dir='ltr'>regor.</span> 
     </span>
    </p>

    <p class='ocr_par' dir='ltr' id='par_1_5' title="bbox 490 3255 1532 3323">
     <span class='ocr_line' id='line_1_24' title="bbox 490 3255 1532 3323; baseline 0.006 -20"><span class='ocrx_word' id='word_1_168' title='bbox 490 3257 530 3306; x_wconf 75' lang='lat'>45.</span> <span class='ocrx_word' id='word_1_169' title='bbox 1035 3255 1207 3323; x_wconf 84' lang='lat' dir='ltr'>Hincctapnd</span> <span class='ocrx_word' id='word_1_170' title='bbox 1217 3257 1532 3323; x_wconf 63' lang='lat' dir='ltr'>virginiaeeagiciatia</span> 
     </span>
    </p>

    <p class='ocr_par' dir='ltr' id='par_1_6' title="bbox 523 3329 1531 3396">
     <span class='ocr_line' id='line_1_25' title="bbox 523 3329 1531 3396; baseline 0.004 -20"><span class='ocrx_word' id='word_1_171' title='bbox 523 3329 638 3377; x_wconf 75' lang='lat' dir='ltr'>Divitibus</span> <span class='ocrx_word' id='word_1_172' title='bbox 645 3340 735 3390; x_wconf 73' lang='lat' dir='ltr'>potem</span> <span class='ocrx_word' id='word_1_173' title='bbox 746 3348 818 3378; x_wconf 71' lang='lat' dir='ltr'>musar</span> <span class='ocrx_word' id='word_1_174' title='bbox 828 3334 984 3396; x_wconf 74' lang='lat' dir='ltr'>elegorquero·</span> <span class='ocrx_word' id='word_1_175' title='bbox 1035 3329 1052 3377; x_wconf 89' lang='lat' dir='ltr'>i.</span> <span class='ocrx_word' id='word_1_176' title='bbox 1064 3330 1121 3378; x_wconf 80' lang='lat'><strong>270.</strong></span> <span class='ocrx_word' id='word_1_177' title='bbox 1153 3330 1228 3396; x_wconf 81' lang='lat' dir='ltr'>Segeti</span> <span class='ocrx_word' id='word_1_178' title='bbox 1239 3334 1463 3393; x_wconf 66' lang='lat' dir='ltr'>protendentem.</span> <span class='ocrx_word' id='word_1_179' title='bbox 1498 3332 1531 3380; x_wconf 72' lang='lat' dir='ltr'>Er</span> 
     </span>
    </p>

    <p class='ocr_par' dir='ltr' id='par_1_7' title="bbox 485 3404 1533 4262">
     <span class='ocr_line' id='line_1_26' title="bbox 584 3404 1528 3472; baseline 0.006 -22"><span class='ocrx_word' id='word_1_180' title='bbox 584 3411 665 3450; x_wconf 73' lang='lat' dir='ltr'>mater</span> <span class='ocrx_word' id='word_1_181' title='bbox 1033 3408 1104 3466; x_wconf 75' lang='lat' dir='ltr'>apin</span> <span class='ocrx_word' id='word_1_182' title='bbox 1118 3415 1217 3471; x_wconf 67' lang='lat' dir='ltr'>agerere</span> <span class='ocrx_word' id='word_1_183' title='bbox 1229 3406 1358 3456; x_wconf 72' lang='lat' dir='ltr'>Columell-</span> <span class='ocrx_word' id='word_1_184' title='bbox 1376 3406 1419 3455; x_wconf 84' lang='lat' dir='ltr'>lib.</span> <span class='ocrx_word' id='word_1_185' title='bbox 1430 3404 1457 3454; x_wconf 87' lang='lat' dir='ltr'>ii.</span> <span class='ocrx_word' id='word_1_186' title='bbox 1471 3422 1528 3472; x_wconf 74' lang='lat' dir='ltr'>cap.</span> 
     </span>
     <span class='ocr_line' id='line_1_27' title="bbox 555 3476 1530 3542; baseline 0.005 -19"><span class='ocrx_word' id='word_1_187' title='bbox 555 3476 656 3531; x_wconf 76' lang='lat' dir='ltr'>Mittere,</span> <span class='ocrx_word' id='word_1_188' title='bbox 664 3478 802 3538; x_wconf 62' lang='lat' dir='ltr'>pomi-dms</span> <span class='ocrx_word' id='word_1_189' title='bbox 813 3493 906 3525; x_wconf 75' lang='lat' dir='ltr'>numa</span> <span class='ocrx_word' id='word_1_190' title='bbox 916 3480 985 3540; x_wconf 77' lang='lat' dir='ltr'>plena</span> <span class='ocrx_word' id='word_1_191' title='bbox 1034 3479 1093 3528; x_wconf 80' lang='lat' dir='ltr'>xxii.</span> <span class='ocrx_word' id='word_1_192' title='bbox 1117 3481 1155 3527; x_wconf 80' lang='lat' dir='ltr'>Ad</span> <span class='ocrx_word' id='word_1_193' title='bbox 1170 3498 1229 3542; x_wconf 75' lang='lat' dir='ltr'>rpem</span> <span class='ocrx_word' id='word_1_194' title='bbox 1245 3482 1342 3529; x_wconf 66' lang='lat' dir='ltr'>nimrim</span> <span class='ocrx_word' id='word_1_195' title='bbox 1359 3479 1489 3529; x_wconf 75' lang='lat' dir='ltr'>Patavium</span> <span class='ocrx_word' id='word_1_196' title='bbox 1503 3490 1530 3528; x_wconf 84' lang='lat' dir='ltr'>et</span> 
     </span>
     <span class='ocr_line' id='line_1_28' title="bbox 583 3552 1530 3620; baseline 0.004 -22"><span class='ocrx_word' id='word_1_197' title='bbox 583 3553 646 3598; x_wconf 81' lang='lat' dir='ltr'>dato.</span> <span class='ocrx_word' id='word_1_198' title='bbox 1034 3552 1215 3611; x_wconf 81' lang='lat' dir='ltr'>Arondelianus,</span> <span class='ocrx_word' id='word_1_199' title='bbox 1249 3554 1353 3620; x_wconf 70' lang='lat' dir='ltr'>proxim</span> <span class='ocrx_word' id='word_1_200' title='bbox 1379 3552 1411 3602; x_wconf 75' lang='lat' dir='ltr'>ad</span> <span class='ocrx_word' id='word_1_201' title='bbox 1437 3570 1530 3603; x_wconf 79' lang='lat' dir='ltr'>rerum.</span> 
     </span>
     <span class='ocr_line' id='line_1_29' title="bbox 490 3624 1124 3688; baseline -0.002 -14"><span class='ocrx_word' id='word_1_202' title='bbox 490 3624 523 3674; x_wconf 86' lang='lat' dir='ltr'>Ut</span> <span class='ocrx_word' id='word_1_203' title='bbox 534 3624 659 3688; x_wconf 75' lang='lat' dir='ltr'>legendum</span> <span class='ocrx_word' id='word_1_204' title='bbox 670 3632 733 3673; x_wconf 78' lang='lat' dir='ltr'>recte</span> <span class='ocrx_word' id='word_1_205' title='bbox 744 3624 842 3673; x_wconf 77' lang='lat' dir='ltr'>Vossius</span> <span class='ocrx_word' id='word_1_206' title='bbox 852 3625 881 3673; x_wconf 91' lang='lat' dir='ltr'>ad</span> <span class='ocrx_word' id='word_1_207' title='bbox 894 3625 983 3674; x_wconf 82' lang='lat' dir='ltr'>Catulli</span> <span class='ocrx_word' id='word_1_208' title='bbox 1033 3626 1124 3676; x_wconf 71' lang='lat' dir='ltr'>Hasna.</span> 
     </span>
     <span class='ocr_line' id='line_1_30' title="bbox 488 3697 1532 3763; baseline 0.002 -16"><span class='ocrx_word' id='word_1_209' title='bbox 488 3712 561 3747; x_wconf 82' lang='lat' dir='ltr'>carm.</span> <span class='ocrx_word' id='word_1_210' title='bbox 573 3697 782 3752; x_wconf 82' lang='lat' dir='ltr'>xiii.essecenset,</span> <span class='ocrx_word' id='word_1_211' title='bbox 792 3706 816 3746; x_wconf 87' lang='lat' dir='ltr'>et</span> <span class='ocrx_word' id='word_1_212' title='bbox 825 3698 939 3763; x_wconf 84' lang='lat' dir='ltr'>explicat.</span> <span class='ocrx_word' id='word_1_213' title='bbox 950 3699 984 3748; x_wconf 81' lang='lat' dir='ltr'>ita</span> <span class='ocrx_word' id='word_1_214' title='bbox 1068 3700 1123 3749; x_wconf 77' lang='grc'><strong>145.</strong></span> <span class='ocrx_word' id='word_1_215' title='bbox 1140 3698 1269 3763; x_wconf 62' lang='grc' dir='ltr'>Ταφίων]</span> <span class='ocrx_word' id='word_1_216' title='bbox 1288 3700 1350 3748; x_wconf 85' lang='lat' dir='ltr'>Cum</span> <span class='ocrx_word' id='word_1_217' title='bbox 1368 3698 1483 3749; x_wconf 74' lang='lat' dir='ltr'>dedecore</span> <span class='ocrx_word' id='word_1_218' title='bbox 1503 3711 1532 3749; x_wconf 82' lang='lat' dir='ltr'>et</span> 
     </span>
     <span class='ocr_line' id='line_1_31' title="bbox 488 3770 1243 3837; baseline -0.003 -16"><span class='ocrx_word' id='word_1_219' title='bbox 488 3771 553 3837; x_wconf 77' lang='lat' dir='ltr'>apud</span> <span class='ocrx_word' id='word_1_220' title='bbox 563 3771 646 3821; x_wconf 82' lang='lat' dir='ltr'>Horat.</span> <span class='ocrx_word' id='word_1_221' title='bbox 658 3771 685 3819; x_wconf 87' lang='lat' dir='ltr'>ii.</span> <span class='ocrx_word' id='word_1_222' title='bbox 695 3770 745 3820; x_wconf 88' lang='lat' dir='ltr'>Od.</span> <span class='ocrx_word' id='word_1_223' title='bbox 758 3773 796 3820; x_wconf 78' lang='lat' dir='ltr'>ia.</span> <span class='ocrx_word' id='word_1_224' title='bbox 827 3771 911 3821; x_wconf 74' lang='lat' dir='ltr'>Plenus</span> <span class='ocrx_word' id='word_1_225' title='bbox 921 3774 982 3821; x_wconf 81' lang='lat' dir='ltr'>Ara·</span> <span class='ocrx_word' id='word_1_226' title='bbox 1033 3773 1139 3821; x_wconf 79' lang='lat' dir='ltr'>infamia.</span> <span class='ocrx_word' id='word_1_227' title='bbox 1171 3772 1243 3822; x_wconf 85' lang='lat' dir='ltr'>Cror.</span> 
     </span>
     <span class='ocr_line' id='line_1_32' title="bbox 488 3844 1529 3910; baseline 0.001 -15"><span class='ocrx_word' id='word_1_228' title='bbox 488 3848 540 3895; x_wconf 75' lang='lat' dir='ltr'>bum</span> <span class='ocrx_word' id='word_1_229' title='bbox 549 3849 630 3895; x_wconf 68' lang='lat' dir='ltr'>dosa.</span> <span class='ocrx_word' id='word_1_230' title='bbox 651 3846 794 3895; x_wconf 72' lang='lat' dir='ltr'>Scholimes</span> <span class='ocrx_word' id='word_1_231' title='bbox 803 3850 884 3896; x_wconf 70' lang='lat' dir='ltr'>divim</span> <span class='ocrx_word' id='word_1_232' title='bbox 895 3848 982 3898; x_wconf 71' lang='lat' dir='ltr'>reddit.</span> <span class='ocrx_word' id='word_1_233' title='bbox 1067 3848 1121 3897; x_wconf 77' lang='grc'><strong>153.</strong></span> <span class='ocrx_word' id='word_1_234' title='bbox 1139 3844 1189 3894; x_wconf 61' lang='lat' dir='ltr'>liti</span> <span class='ocrx_word' id='word_1_235' title='bbox 1206 3864 1253 3902; x_wconf 74' lang='lat' dir='ltr'>m,</span> <span class='ocrx_word' id='word_1_236' title='bbox 1272 3847 1313 3894; x_wconf 75' lang='lat' dir='ltr'>ribi</span> <span class='ocrx_word' id='word_1_237' title='bbox 1330 3846 1450 3910; x_wconf 65' lang='lat' dir='ltr'>diem]</span> <span class='ocrx_word' id='word_1_238' title='bbox 1469 3847 1529 3896; x_wconf 78' lang='lat' dir='ltr'>Eie-</span> 
     </span>
     <span class='ocr_line' id='line_1_33' title="bbox 488 3918 1530 3985; baseline 0.003 -18"><span class='ocrx_word' id='word_1_239' title='bbox 488 3919 566 3968; x_wconf 83' lang='lat' dir='ltr'>Cicer.</span> <span class='ocrx_word' id='word_1_240' title='bbox 581 3919 623 3968; x_wconf 86' lang='lat' dir='ltr'>vii.</span> <span class='ocrx_word' id='word_1_241' title='bbox 634 3919 664 3969; x_wconf 83' lang='lat' dir='ltr'>ad</span> <span class='ocrx_word' id='word_1_242' title='bbox 682 3920 749 3968; x_wconf 77' lang='lat' dir='ltr'>Fum.</span> <span class='ocrx_word' id='word_1_243' title='bbox 764 3921 789 3968; x_wconf 79' lang='lat'>9.</span> <span class='ocrx_word' id='word_1_244' title='bbox 812 3920 890 3969; x_wconf 75' lang='lat' dir='ltr'>Serius</span> <span class='ocrx_word' id='word_1_245' title='bbox 908 3926 984 3984; x_wconf 75' lang='lat' dir='ltr'>potius</span> <span class='ocrx_word' id='word_1_246' title='bbox 1031 3937 1090 3985; x_wconf 78' lang='lat' dir='ltr'>gans</span> <span class='ocrx_word' id='word_1_247' title='bbox 1106 3928 1131 3968; x_wconf 85' lang='lat' dir='ltr'>ct</span> <span class='ocrx_word' id='word_1_248' title='bbox 1139 3918 1251 3968; x_wconf 79' lang='lat' dir='ltr'>solemnis</span> <span class='ocrx_word' id='word_1_249' title='bbox 1260 3918 1427 3984; x_wconf 78' lang='lat' dir='ltr'>increpationis</span> <span class='ocrx_word' id='word_1_250' title='bbox 1439 3920 1530 3983; x_wconf 75' lang='lat' dir='ltr'>gravis·</span> 
     </span>
     <span class='ocr_line' id='line_1_34' title="bbox 486 3992 1394 4058; baseline -0.002 -15"><span class='ocrx_word' id='word_1_251' title='bbox 486 3997 517 4043; x_wconf 82' lang='lat' dir='ltr'>ud</span> <span class='ocrx_word' id='word_1_252' title='bbox 533 4012 580 4053; x_wconf 79' lang='lat' dir='ltr'>nor,</span> <span class='ocrx_word' id='word_1_253' title='bbox 594 3997 649 4043; x_wconf 81' lang='lat' dir='ltr'>dum</span> <span class='ocrx_word' id='word_1_254' title='bbox 659 3994 761 4058; x_wconf 58' lang='lat' dir='ltr'>&#39;plantam</span> <span class='ocrx_word' id='word_1_255' title='bbox 779 3994 836 4045; x_wconf 75' lang='lat' dir='ltr'>vid.</span> <span class='ocrx_word' id='word_1_256' title='bbox 853 3997 934 4046; x_wconf 79' lang='lat' dir='ltr'>Graer.</span> <span class='ocrx_word' id='word_1_257' title='bbox 952 3997 982 4047; x_wconf 83' lang='lat' dir='ltr'>ad</span> <span class='ocrx_word' id='word_1_258' title='bbox 1031 3995 1090 4043; x_wconf 84' lang='lat' dir='ltr'>sima</span> <span class='ocrx_word' id='word_1_259' title='bbox 1100 3992 1324 4041; x_wconf 66' lang='lat' dir='ltr'>formulainlllet.</span> <span class='ocrx_word' id='word_1_260' title='bbox 1339 3993 1394 4041; x_wconf 75' lang='lat' dir='ltr'>iar.</span> 
     </span>
     <span class='ocr_line' id='line_1_35' title="bbox 486 4064 1520 4134; baseline 0.007 -19"><span class='ocrx_word' id='word_1_261' title='bbox 486 4066 563 4118; x_wconf 86' lang='lat' dir='ltr'>Cicer.</span> <span class='ocrx_word' id='word_1_262' title='bbox 583 4085 625 4134; x_wconf 90' lang='lat' dir='ltr'>pro</span> <span class='ocrx_word' id='word_1_263' title='bbox 645 4068 704 4118; x_wconf 83' lang='lat' dir='ltr'>Ros.</span> <span class='ocrx_word' id='word_1_264' title='bbox 721 4068 803 4117; x_wconf 75' lang='lat' dir='ltr'>Amor.</span> <span class='ocrx_word' id='word_1_265' title='bbox 823 4071 848 4117; x_wconf 81' lang='lat'>2.</span> <span class='ocrx_word' id='word_1_266' title='bbox 865 4078 890 4118; x_wconf 82' lang='lat' dir='ltr'>ct</span> <span class='ocrx_word' id='word_1_267' title='bbox 905 4070 939 4119; x_wconf 84' lang='lat' dir='ltr'>sic</span> <span class='ocrx_word' id='word_1_268' title='bbox 956 4088 981 4120; x_wconf 82' lang='lat' dir='ltr'>r.</span> <span class='ocrx_word' id='word_1_269' title='bbox 1258 4064 1316 4122; x_wconf 70' lang='grc' dir='ltr'>Ὶῖὺὶ,</span> <span class='ocrx_word' id='word_1_270' title='bbox 1329 4065 1398 4114; x_wconf 64' lang='grc' dir='ltr'>ΝΜ</span> <span class='ocrx_word' id='word_1_271' title='bbox 1408 4065 1520 4131; x_wconf 60' lang='lat' dir='ltr'>bismr</span> 
     </span>
     <span class='ocr_line' id='line_1_36' title="bbox 486 4140 1533 4207; baseline 0.008 -20"><span class='ocrx_word' id='word_1_272' title='bbox 486 4140 555 4189; x_wconf 86' lang='lat' dir='ltr'>Verr.</span> <span class='ocrx_word' id='word_1_273' title='bbox 576 4143 617 4190; x_wconf 78' lang='lat'>56.</span> <span class='ocrx_word' id='word_1_274' title='bbox 654 4142 769 4191; x_wconf 76' lang='lat' dir='ltr'>Pleniorer</span> <span class='ocrx_word' id='word_1_275' title='bbox 788 4159 829 4207; x_wconf 91' lang='lat' dir='ltr'>pro</span> <span class='ocrx_word' id='word_1_276' title='bbox 849 4142 980 4193; x_wconf 85' lang='lat' dir='ltr'>ditioribus.</span> <span class='ocrx_word' id='word_1_277' title='bbox 1064 4140 1176 4196; x_wconf 78' lang='lat' dir='ltr'>Dicimur,</span> <span class='ocrx_word' id='word_1_278' title='bbox 1192 4142 1283 4195; x_wconf 65' lang='lat' dir='ltr'>naudi,</span> <span class='ocrx_word' id='word_1_279' title='bbox 1305 4157 1345 4188; x_wconf 64' lang='grc' dir='ltr'><em>Μ</em></span> <span class='ocrx_word' id='word_1_280' title='bbox 1365 4158 1400 4188; x_wconf 72' lang='lat' dir='ltr'>m</span> <span class='ocrx_word' id='word_1_281' title='bbox 1416 4143 1533 4204; x_wconf 58' lang='lat' dir='ltr'>fulmina</span> 
     </span>
     <span class='ocr_line' id='line_1_37' title="bbox 485 4212 1220 4262; baseline 0.004 -3"><span class='ocrx_word' id='word_1_282' title='bbox 485 4212 574 4262; x_wconf 78' lang='lat' dir='ltr'>Burri.</span> <span class='ocrx_word' id='word_1_283' title='bbox 1125 4216 1220 4262; x_wconf 71' lang='lat' dir='ltr'>nostrai.</span> 
     </span>
    </p>

    <p class='ocr_par' dir='ltr' id='par_1_8' title="bbox 482 4286 1534 4572">
     <span class='ocr_line' id='line_1_38' title="bbox 519 4286 1532 4354; baseline 0.005 -22"><span class='ocrx_word' id='word_1_284' title='bbox 519 4287 573 4334; x_wconf 80' lang='lat'>144.</span> <span class='ocrx_word' id='word_1_285' title='bbox 592 4289 628 4335; x_wconf 79' lang='lat' dir='ltr'>Ad</span> <span class='ocrx_word' id='word_1_286' title='bbox 638 4305 685 4349; x_wconf 75' lang='lat' dir='ltr'>sper</span> <span class='ocrx_word' id='word_1_287' title='bbox 699 4292 796 4336; x_wconf 70' lang='lat' dir='ltr'>ulterius</span> <span class='ocrx_word' id='word_1_288' title='bbox 805 4293 854 4352; x_wconf 76' lang='lat' dir='ltr'>puis</span> <span class='ocrx_word' id='word_1_289' title='bbox 867 4291 907 4337; x_wconf 79' lang='lat' dir='ltr'>tibi</span> <span class='ocrx_word' id='word_1_290' title='bbox 915 4289 978 4354; x_wconf 85' lang='lat' dir='ltr'>fecit</span> <span class='ocrx_word' id='word_1_291' title='bbox 1028 4288 1090 4336; x_wconf 81' lang='lat' dir='ltr'>Vide</span> <span class='ocrx_word' id='word_1_292' title='bbox 1101 4287 1131 4336; x_wconf 73' lang='lat' dir='ltr'>ad</span> <span class='ocrx_word' id='word_1_293' title='bbox 1143 4286 1236 4336; x_wconf 69' lang='lat' dir='ltr'>Hasdri</span> <span class='ocrx_word' id='word_1_294' title='bbox 1246 4287 1290 4335; x_wconf 84' lang='lat' dir='ltr'>lib.</span> <span class='ocrx_word' id='word_1_295' title='bbox 1298 4288 1331 4335; x_wconf 82' lang='lat' dir='ltr'>ir.</span> <span class='ocrx_word' id='word_1_296' title='bbox 1343 4286 1400 4335; x_wconf 81' lang='lat' dir='ltr'>Fab.</span> <span class='ocrx_word' id='word_1_297' title='bbox 1413 4287 1454 4336; x_wconf 80' lang='grc'>19.</span> <span class='ocrx_word' id='word_1_298' title='bbox 1465 4289 1532 4337; x_wconf 61' lang='lat' dir='ltr'>male</span> 
     </span>
     <span class='ocr_line' id='line_1_39' title="bbox 482 4356 1530 4422; baseline 0.012 -23"><span class='ocrx_word' id='word_1_299' title='bbox 482 4356 526 4402; x_wconf 81' lang='lat' dir='ltr'>iter</span> <span class='ocrx_word' id='word_1_300' title='bbox 532 4358 555 4419; x_wconf 76' lang='lat' dir='ltr'>t]</span> <span class='ocrx_word' id='word_1_301' title='bbox 574 4362 610 4406; x_wconf 75' lang='lat' dir='ltr'>Aa</span> <span class='ocrx_word' id='word_1_302' title='bbox 628 4378 698 4422; x_wconf 78' lang='lat' dir='ltr'>sepem</span> <span class='ocrx_word' id='word_1_303' title='bbox 716 4365 811 4411; x_wconf 65' lang='lat' dir='ltr'>alterium</span> <span class='ocrx_word' id='word_1_304' title='bbox 829 4362 903 4411; x_wconf 79' lang='lat' dir='ltr'>codex</span> <span class='ocrx_word' id='word_1_305' title='bbox 917 4379 978 4413; x_wconf 82' lang='lat' dir='ltr'>unus</span> <span class='ocrx_word' id='word_1_306' title='bbox 1027 4362 1067 4410; x_wconf 89' lang='lat' dir='ltr'>hic</span> <span class='ocrx_word' id='word_1_307' title='bbox 1075 4361 1192 4411; x_wconf 85' lang='lat' dir='ltr'>Junianus</span> <span class='ocrx_word' id='word_1_308' title='bbox 1201 4379 1208 4419; x_wconf 93' lang='lat'>;</span> <span class='ocrx_word' id='word_1_309' title='bbox 1227 4363 1262 4409; x_wconf 76' lang='lat' dir='ltr'>orl</span> <span class='ocrx_word' id='word_1_310' title='bbox 1272 4380 1312 4410; x_wconf 81' lang='lat' dir='ltr'>nos</span> <span class='ocrx_word' id='word_1_311' title='bbox 1322 4364 1362 4410; x_wconf 75' lang='lat' dir='ltr'>tibi</span> <span class='ocrx_word' id='word_1_312' title='bbox 1372 4363 1472 4410; x_wconf 74' lang='lat' dir='ltr'>dicim</span> <span class='ocrx_word' id='word_1_313' title='bbox 1482 4368 1530 4412; x_wconf 75' lang='grc' dir='ltr'>αι’.</span> 
     </span>
     <span class='ocr_line' id='line_1_40' title="bbox 483 4427 1534 4502; baseline 0.012 -28"><span class='ocrx_word' id='word_1_314' title='bbox 483 4427 667 4480; x_wconf 72' lang='lat' dir='ltr'>Medicduscum</span> <span class='ocrx_word' id='word_1_315' title='bbox 675 4434 750 4497; x_wconf 82' lang='lat' dir='ltr'>prima</span> <span class='ocrx_word' id='word_1_316' title='bbox 758 4436 868 4484; x_wconf 82' lang='lat' dir='ltr'>editione.</span> <span class='ocrx_word' id='word_1_317' title='bbox 874 4436 975 4500; x_wconf 86' lang='lat' dir='ltr'>optime:</span> <span class='ocrx_word' id='word_1_318' title='bbox 1026 4436 1134 4501; x_wconf 82' lang='lat' dir='ltr'>sequenti</span> <span class='ocrx_word' id='word_1_319' title='bbox 1151 4451 1218 4484; x_wconf 76' lang='lat' dir='ltr'>versu</span> <span class='ocrx_word' id='word_1_320' title='bbox 1235 4436 1303 4485; x_wconf 88' lang='lat' dir='ltr'>multi</span> <span class='ocrx_word' id='word_1_321' title='bbox 1319 4435 1378 4485; x_wconf 80' lang='lat' dir='ltr'>editi</span> <span class='ocrx_word' id='word_1_322' title='bbox 1396 4444 1422 4483; x_wconf 83' lang='lat' dir='ltr'>et</span> <span class='ocrx_word' id='word_1_323' title='bbox 1438 4438 1534 4502; x_wconf 78' lang='lat' dir='ltr'>scripti.</span> 
     </span>
     <span class='ocr_line' id='line_1_41' title="bbox 482 4501 1413 4572; baseline 0.011 -24"><span class='ocrx_word' id='word_1_324' title='bbox 482 4501 583 4563; x_wconf 72' lang='lat' dir='ltr'>persistit</span> <span class='ocrx_word' id='word_1_325' title='bbox 598 4504 660 4552; x_wconf 86' lang='lat' dir='ltr'>enirn</span> <span class='ocrx_word' id='word_1_326' title='bbox 678 4506 703 4553; x_wconf 94' lang='lat' dir='ltr'>in</span> <span class='ocrx_word' id='word_1_327' title='bbox 713 4508 858 4571; x_wconf 82' lang='lat' dir='ltr'>metaphora.</span> <span class='ocrx_word' id='word_1_328' title='bbox 872 4514 976 4569; x_wconf 78' lang='lat' dir='ltr'>ct&#39;repem</span> <span class='ocrx_word' id='word_1_329' title='bbox 1025 4509 1163 4572; x_wconf 76' lang='lat' dir='ltr'>prridsacir?</span> <span class='ocrx_word' id='word_1_330' title='bbox 1180 4511 1233 4557; x_wconf 71' lang='lat' dir='ltr'>hinc</span> <span class='ocrx_word' id='word_1_331' title='bbox 1244 4513 1289 4557; x_wconf 75' lang='lat' dir='ltr'>esi.</span> <span class='ocrx_word' id='word_1_332' title='bbox 1322 4510 1413 4558; x_wconf 73' lang='lat' dir='ltr'>Bonis.</span> 
     </span>
    </p>
   </div>
   <div class='ocr_carea' id='block_1_4' title="bbox 0 0 1804 5925">
    <p class='ocr_par' dir='ltr' id='par_1_9' title="bbox 0 0 1804 5925">
     <span class='ocr_line' id='line_1_42' title="bbox 0 0 1804 5925; baseline 0 3"><span class='ocrx_word' id='word_1_333' title='bbox 0 0 1804 5925; x_wconf 95' lang='lat' dir='ltr'> </span> 
     </span>
    </p>
   </div>
  </div>
 </body>
</html>
