3600 5925
439 800 484 864 64
733 793 951 860 P.0V11)11
974 790 1188 859 NASONIS

442 969 554 1055 Quod
570 990 694 1067 neque
711 968 942 1064 graminibus
959 965 1071 1040 tellus
1087 964 1251 1040 fecunda
1266 968 1449 1055 creandis,

491 1085 528 1158 N
530 1109 575 1160 ec
594 1085 713 1172 Deus,
731 1084 913 1160 auxilium
930 1094 973 1157 tu
990 1082 1082 1155 mihi
1099 1081 1196 1156 ferre
1213 1092 1334 1179 potes.

442 1200 494 1275 Et
508 1211 629 1299 potes,
644 1211 684 1274 et
699 1201 830 1275 merui.
857 1200 982 1295 dignae
999 1198 1176 1272 miserere
1193 1197 1349 1295 puelloe;
1415 1200 1485 1269 155

492 1315 580 1390 Non
597 1340 669 1412 ego
681 1324 768 1390 cur'n
787 1316 931 1390 Danais
949 1338 1053 1389 arma
1068 1324 1225 1388 cruenta
1240 1313 1331 1386 fero.

443 1430 522 1504 Sed
539 1442 607 1505 tua
622 1455 719 1518 sum,
737 1442 940 1528 tecumque
956 1430 1010 1503 fui
1028 1431 1236 1529 puerilibus
1253 1428 1382 1502 annis:

494 1545 545 1620 Et
560 1558 637 1634 tua,
656 1549 760 1645 quod
777 1557 951 1647 superest
966 1547 1159 1646 temporis
1177 1570 1262 1621 esse
1280 1567 1425 1643 precor.

795 1999 1060 2075 EPISTOLA
1085 2000 1155 2074 VI.

651 2175 1004 2242 HYPSIPYLE
1043 2176 1275 2244 JASONI.

442 2339 569 2415 Litora
585 2340 790 2415 Thessaliae
808 2342 937 2416 reduci
954 2342 1125 2439 tetigisse
1143 2343 1273 2416 carina

492 2455 652 2542 Diceris,
672 2465 811 2530 auratae
827 2457 965 2531 vellere
982 2458 1087 2531 dives
1105 2457 1198 2531 ovis.

442 2570 619 2643 Gratulor
643 2570 833 2657 incolumi,
852 2582 1036 2668 quantum
1064 2572 1167 2643 sinis.
1195 2570 1267 2645 hoc
1285 2581 1412 2645 tamen
1428 2570 1483 2668 ip-

493 2685 709 2759 Debueram
726 2685 867 2782 scripto
884 2686 1021 2759 certior
1038 2710 1123 2758 esse
1140 2696 1219 2759 tuo.
1387 2687 1486 2781 [sum

440 2926 466 2977 p.
481 2911 520 2958 14.
538 2918 563 2959 et
582 2910 624 2959 36.
658 2908 748 2957 Pleraei
763 2907 910 2957 Mosebiunis
926 2924 942 2957 a
991 2920 1028 2959 tus
1039 2910 1077 2957 Μ.
1089 2910 1200 2975 Agrippa,
1209 2920 1231 2957 et
1241 2911 1373 2958 munel
1381 2926 1406 2958 eo
1416 2909 1487 2957 suii-

439 2985 534 3034 siobaeo
543 2985 655 3034 uultur.
687 2983 805 3033 Admetus
819 2984 940 3032 neman
990 2985 1021 3032 to
1039 2983 1115 3031 Tauro
1128 2999 1192 3031 osus.
1224 2985 1311 3032 Seoee.
1326 2984 1344 3032 i.
1362 2982 1392 3031 de
1407 2982 1486 3031 mem.
1563 2977 1572 2990 ’

440 3058 536 3123 Hygino
553 3060 613 3107 Feb.
632 3059 682 3106 xit.
705 3058 769 3106 filius
783 3057 899 3116 Pheretis,
915 3065 940 3107 et
992 3058 1031 3105 1⁴.
1066 3057 1186 3120 ll'umquid
1201 3060 1284 3122 uliquis
1301 3057 1455 3119 wuurfiliusr
1471 3075 1487 3104 a

439 3132 625 3197 Periclymenus.
659 3131 751 3180 Herus.
878 3179 881 3188 ,
986 3134 1062 3193 primu
1071 3131 1156 3197 offensu
1166 3134 1301 3181 essum
1316 3141 1343 3180 nt
1357 3139 1419 3178 recte
1434 3145 1486 3194 pro,

474 3206 530 3254 152.
549 3205 581 3252 Et
592 3222 604 3253 e
614 3208 788 3255 nostrosuueiur
801 3205 936 3271 bnassu]
988 3208 1019 3253 ud
1035 3208 1133 3267 primurn
1148 3206 1263 3272 offensam,
1278 3212 1425 3256 concremet
1443 3202 1486 3251 riri

439 3277 478 3326 ltu
495 3277 648 3342 legendnme
663 3278 732 3327 bonis
747 3278 807 3327 libb.
818 3278 891 3343 idque
902 3287 940 3327 est
988 3279 1063 3329 docti.
1096 3280 1185 3329 Bunrs.

439 3349 516 3415 mgis
534 3350 664 3415 poblicum.
697 3351 770 3400 Cror.
803 3351 878 3400 Pauci
898 3367 939 3399 co·

438 3423 512 3481 diues,
531 3434 557 3473 et
576 3433 631 3490 post
646 3424 779 3489 Gryphium
798 3424 940 3475 recentiores
1021 3426 1099 3475 Etiam
1110 3424 1166 3473 buic
1177 3424 1288 3491 Epistola
1303 3424 1487 3491 prefigiturdis-

439 3498 550 3564 quadem
566 3496 690 3556 editiones,
700 3500 797 3555 dicum,
813 3508 836 3546 et
853 3509 938 3547 nostro.
988 3501 1069 3551 tichon
1079 3501 1124 3549 boc
1135 3500 1161 3549 in
1171 3500 1294 3566 Excerptis
1305 3501 1419 3550 lbrteeni:

438 3572 481 3623 sod
492 3572 635 3637 antiquiores
651 3581 676 3622 et
685 3572 781 3622 Aldine
797 3587 852 3622 cum
861 3573 939 3623 lovu-
1022 3576 1128 3624 lamus
1147 3575 1283 3640 Hypsipyle,
1303 3575 1389 3624 Bocchi
1407 3591 1486 3640 geues,

439 3646 515 3696 niensi
526 3646 608 3696 codice
615 3646 731 3712 fertura
744 3665 758 3695 a
773 3657 857 3696 nostro.
874 3648 939 3713 quod
1086 3651 1232 3699 AEonaemo

437 3720 595 3786 praetulimus.
616 3739 631 3769 u
650 3720 690 3771 bie
709 3721 804 3787 ponitur
822 3737 865 3787 pro
878 3731 938 3784 post.
1055 3723 1132 3771 Dicit.-
1148 3725 1417 3786 erinuerbispmquotu
1425 3738 1486 3770 uu·

437 3810 520 3846 sensus
547 3804 591 3853 est,
612 3796 727 3854 Pboebns,
749 3806 873 3863 postquem
899 3812 939 3846 me
1085 3799 1183 3845 ruerus.

438 3869 535 3925 emerit.
545 3871 618 3919 etinrn
628 3869 752 3919 Alcestidr
767 3869 854 3919 deiude
872 3886 937 3919 umu-
989 3868 1037 3919 Ubi
1048 3871 1288 3920 ternenmnlomentis
1298 3872 1365 3918 inest.
1398 3868 1487 3918 Herus.

438 3941 483 3991 vit.
500 3943 559 4008 quid
570 3942 623 3991 miri
633 3943 727 4007 erponi
744 3952 846 4008 repertor
856 3943 938 4004 Medi·
1019 3943 1051 3991 ³.
1064 3943 1198 4007 Incolumi]
1216 3942 1245 3990 Id
1255 3950 1292 3991 est
1303 3942 1346 3991 tibi
1356 3943 1486 4006 Juson,qui

438 4014 507 4072 cine,
517 4025 542 4066 et
552 4017 594 4081 qui
604 4015 662 4064 mibi
677 4014 782 4064 medicas
791 4023 853 4064 urtes
863 4015 935 4064 trudi·
987 4016 1112 4066 incolumis
1122 4034 1228 4067 reversus
1242 4032 1278 4065 es.
1312 4015 1384 4064 Cror.
1418 4013 1484 4063 luco-

438 4085 481 4145 dii,
492 4087 542 4155 ipse
552 4088 631 4138 adbuc
646 4096 772 4155 postquam
789 4103 828 4138 me
843 4104 938 4138 umere-
988 4091 1070 4139 tumn
1087 4106 1148 4139 unus
1158 4089 1256 4140 Moreti.
1273 4088 1338 4153 quod
1354 4104 1401 4138 non
1412 4089 1486 4158 negli-

437 4170 482 4217 ret,
493 4177 541 4212 non
558 4162 662 4228 potnerit
679 4163 710 4212 eb
727 4177 806 4211 umore
822 4177 848 4211 ee
862 4162 938 4212 conti-
988 4161 1101 4226 gendum,
1118 4173 1147 4213 ut
1166 4162 1364 4226 subintelligatur,
1383 4170 1407 4210 te
1424 4161 1486 4210 redi·

438 4234 532 4290 nere‚si
543 4250 643 4301 uecego
650 4245 750 4302 receptu
759 4235 870 4285 medendi
878 4245 937 4293 erte,
987 4237 1042 4294 isse,
1060 4237 1114 4287 ride
1135 4238 1241 4303 Mulasp.
1263 4235 1294 4285 ed
1312 4235 1391 4285 Cicer.
1409 4252 1434 4283 v.
1453 4233 1485 4283 ud

438 4305 542 4355 noudum
567 4310 720 4360 meruerim.
747 4310 834 4376 possim
856 4321 936 4359 eutem
986 4309 1040 4359 Att.
1062 4312 1104 4360 20.
1123 4321 1148 4360 et
1165 4327 1209 4361 nos
1225 4310 1257 4361 ed
1273 4307 1369 4359 andr.
1389 4307 1423 4357 ir.
1440 4309 1484 4357 20.

438 4378 572 4441 propositio
587 4380 639 4430 bue
653 4382 688 4431 itu
704 4383 816 4433 aNoroo
831 4384 935 4450 ponitur.
985 4384 1076 4434 Burin.

438 4464 464 4497 v.
475 4448 593 4516 adEpist.
607 4469 633 4501 ι.
647 4455 686 4502 16.
703 4465 728 4504 et
744 4474 809 4524 supr.
819 4457 895 4524 Epist.
907 4456 935 4506 ii.
1017 4456 1069 4506 Hoc
1086 4469 1162 4507 tom
1176 4457 1246 4521 ipro]
1266 4455 1374 4521 Ipolere
1392 4453 1484 4519 scripti,

438 4521 481 4571 86.
498 4521 533 4571 sic
549 4531 575 4572 et
592 4533 655 4573 reete
677 4526 789 4580 Heinsius
806 4530 937 4579 vindicavit
985 4538 1010 4580 et
1026 4531 1098 4593 editi;
1122 4531 1167 4583 nisi
1185 4529 1250 4597 quod
1266 4532 1292 4579 in
1310 4527 1420 4579 leidensi
1435 4538 1486 4578 eret

439 4595 776 4663 vettejiloeunlib.ii.1ar.
800 4603 834 4653 D.
843 4606 934 4669 lugur-
983 4609 1066 4669 ipsum,
1083 4615 1111 4657 nt
1129 4605 1160 4656 sit
1177 4604 1329 4656 Grecismus.
1356 4612 1382 4653 et
1401 4602 1485 4669 probe·
