3600 5925
432 765 497 830 2:28
718 764 757 828 Ρ.
781 761 944 828 OVIDII
967 759 1179 827 NASONIS

437 938 514 1010 Sed
532 938 563 1010 si
577 940 657 1035 jam
674 937 768 1010 fines
786 937 920 1010 vellem
938 936 1096 1009 transire
1113 935 1290 1032 pudoris3

484 1052 542 1125 Tu
560 1053 690 1126 melior
707 1053 828 1150 culpae
846 1074 983 1125 caussa
999 1050 1146 1124 futurus
1164 1076 1260 1125 eras

433 1166 512 1241 Aut
529 1193 599 1264 ego
618 1180 801 1267 perpetuo
819 1168 958 1241 famam
975 1168 1057 1241 sine
1073 1168 1160 1240 labe
1176 1169 1336 1255 teneb03

484 1283 563 1357 Aut
580 1308 651 1379 ego
668 1294 707 1357 te
724 1283 862 1381 potius,
882 1306 997 1379 quam
1014 1293 1081 1355 tua
1097 1283 1207 1370 dona,
1227 1307 1376 1381 sequar.
1431 1288 1480 1357 70

436 1396 567 1496 thue
585 1423 631 1473 ea
647 1423 721 1472 non
739 1422 898 1496 sperno;
928 1399 983 1472 sic
1001 1399 1265 1498 acceptissima
1281 1425 1430 1499 semper

485 1514 646 1589 Munera
662 1527 762 1599 sunt,
782 1526 913 1588 auctor
930 1539 1015 1611 quae
1033 1515 1198 1614 pretiosa
1214 1515 1316 1590 saeit.

434 1628 527 1702 Plus
545 1631 663 1704 multo
676 1641 747 1716 est,
763 1630 865 1727 quod
884 1653 1009 1718 amas3
1039 1630 1242 1726 quodsum
1260 1632 1328 1705 tibi
1346 1653 1482 1705 caussa

583 1747 732 1833 laboris,

484 1859 596 1943 Quod
614 1885 682 1960 per
698 1871 776 1935 tam
792 1861 924 1958 longas
942 1885 1031 1960 spes
1048 1873 1115 1935 tua
1130 1862 1233 1936 venit
1249 1886 1382 1960 aquas.
1427 1866 1476 1935 74

435 1973 507 2048 Illa
533 2000 697 2074 quoque,
727 1978 901 2075 adposita
926 2002 1011 2075 quae
1038 2003 1138 2052 nunc
1165 1978 1269 2067 sacis,
1294 1979 1477 2077 improbe,

483 2091 682 2186 (Quamvis
700 2094 873 2192 experiar
889 2094 1143 2187 dissimulare)
1161 2105 1261 2168 noto.
1317 2094 1476 2190 [mensa

435 2206 534 2280 Cum
552 2210 663 2282 modo
680 2233 742 2283 me
759 2221 911 2309 spectas
929 2210 1059 2295 oculis,
1077 2210 1228 2295 lascive,
1248 2209 1449 2308 protervis3

464 2321 589 2405 ‘Quos
605 2324 669 2396 vix
686 2325 870 2398 instantes
887 2325 1030 2398 lumina
1047 2336 1175 2398 nostra
1191 2324 1334 2399 serunt:

435 2435 485 2510 Et
502 2438 614 2510 modo
633 2440 820 2538 suspiras:
849 2442 961 2514 modo
979 2442 1117 2540 poeula
1132 2441 1304 2540 proxima
1320 2440 1428 2515 nobis

484 2553 633 2642 Sumis3
663 2557 817 2654 quaque
834 2557 926 2644 bibi,
946 2568 987 2630 tu
1005 2582 1158 2655 quoque
1176 2568 1282 2656 parte
1298 2557 1410 2630 bibis.
1429 2561 1479 2630 80

433 2668 494 2741 Ah
512 2670 660 2767 quoties
678 2671 817 2767 digitis,
837 2672 986 2770 quoties
1004 2697 1075 2767 ego
1093 2682 1195 2746 tecta
1211 2672 1335 2747 notavi

484 2784 602 2880 Signa
619 2787 819 2884 supercilio
837 2810 936 2886 pene
953 2787 1131 2885 loquente
1148 2787 1249 2860 dari!

464 3114 505 3162 67.
532 3113 599 3163 Fines
622 3117 701 3164 vetlem
721 3119 842 3182 transire]
870 3117 929 3167 Plu·
980 3116 1061 3166 Potuit
1070 3125 1094 3166 et
1103 3133 1188 3178 semper
1197 3130 1248 3164 esse
1262 3113 1396 3179 glossatoris
1405 3113 1479 3162 inter·

430 3186 577 3250 rimbfimm.
611 3188 692 3237 Partes
707 3189 869 3240 lovaniensis.
885 3190 929 3239 sed
980 3190 1090 3256 pretatio.
1109 3191 1283 3253 nemquoudam
1293 3187 1414 3254 etiempro
1422 3204 1479 3236 een·

431 3259 529 3323 vulgata
538 3262 613 3325 proba
627 3269 673 3310 est.
707 3263 786 3312 Cicer.
798 3282 822 3312 v.
835 3264 867 3313 sd
883 3265 929 3313 Fa·
978 3281 1020 3326 per
1029 3263 1100 3320 sumi,
1113 3262 1194 3312 doeuit
1203 3261 1299 3311 Servius
1311 3261 1343 3310 ad
1353 3261 1439 3325 urgit.
1449 3259 1478 3309 ii.

431 3333 483 3382 mil.
502 3335 539 3384 12.
573 3334 620 3389 Qus
635 3338 700 3385 semel
717 3341 856 3387 verecundie
866 3341 930 3402 fines
979 3337 1145 3385 Eunu-678.

431 3411 557 3466 munient,
568 3411 683 3459 sumbone
700 3420 723 3459 ct
737 3415 827 3461 nauiter
844 3422 929 3475 oportet
1012 3411 1053 3458 72.
1071 3412 1217 3472 Austerque
1224 3412 1323 3470 pretioso
1325 3407 1413 3473 sucat]
1424 3407 1478 3455 Hoc

430 3499 474 3531 uu
493 3485 652 3545 impudentem,
668 3501 739 3549 quem
756 3485 836 3534 locum
850 3487 930 3551 tetigit
979 3482 1262 3540 intempestiuum
1272 3489 1321 3530 tem
1337 3495 1478 3546 persepre·

431 3557 599 3606 Bemmannus.
616 3559 650 3607 sic
660 3559 691 3606 de
706 3559 754 3608 alia
764 3576 788 3609 re
799 3560 928 3610 Claudiae.
978 3556 1039 3606 tiosa
1056 3571 1116 3613 esse,
1138 3570 1211 3620 quam
1231 3554 1351 3603 donatoris
1372 3554 1476 3610 noeniue,

429 3630 462 3680 iv.
474 3631 547 3680 Cous.
558 3630 649 3680 Honor.
660 3633 719 3680 304.
979 3629 1043 3697 qnod
1054 3645 1109 3679 enm
1119 3628 1198 3693 magui
1214 3628 1326 3676 estimet.
1342 3627 1411 3677 nnioe
1425 3627 1477 3677 boe

454 3703 517 3752 -Neu
532 3713 583 3767 pets
600 3709 741 3768 prescriptos
760 3707 845 3754 hmini
863 3715 929 3757 tmu-
978 3704 1080 3754 illustret
1100 3702 1181 3769 Epign.
1202 3701 1267 3751 xcix.
1293 3701 1337 3750 lib.
1358 3701 1391 3750 ix.
1412 3702 1477 3767 epod

432 3810 433 3813 =
494 3780 673 3843 uenderefim.
804 3780 894 3829 Boane.
978 3777 1129 3827 Martialem:

462 3851 504 3899 71.
522 3851 560 3900 Sic
568 3854 720 3914 acceptissima
734 3869 818 3914 semper
827 3852 929 3902 Mum
1014 3853 1070 3901 toto
1078 3851 1260 3916 eroasoteomi
1276 3867 1339 3899 nuno
1349 3850 1479 3899 tenuimus

429 3924 506 3987 mlh]
530 3925 688 3988 dmm
703 3929 815 3988 thnddm
831 3926 928 3976 Gottffl'·
1073 3934 1152 3982 mm»

429 3997 540 4057 pbienus.
566 3999 688 4063 eleganter
707 3998 864 4048 mehercules.
886 4016 929 4065 pro
1045 3998 1480 4063 Grandetuipntiumunerieouctot

429 4071 580 4137 quandoque,
598 4073 734 4138 aliqnando,
752 4088 930 4137 nonnunquam.
1074 4075 1126 4120 evit.
1352 4069 1443 4118 Hesus.

430 4153 457 4193 ut
467 4145 491 4195 in
502 4146 674 4204 illisMarouie,
684 4146 711 4194 ii.
724 4146 822 4195 AEneid.
832 4147 889 4195 367.
1010 4147 1053 4194 ol.
1074 4145 1143 4194 Tecto
1159 4148 1236 4193 notaui
1256 4143 1346 4209 tigna]
1370 4143 1479 4194 lmiuuo

463 4220 583 4273 Quadam
598 4224 666 4270 eoam
676 4225 742 4270 victu
758 4223 818 4269 redit
830 4224 856 4269 in
870 4238 928 4283 pre·
978 4218 1139 4284 Propertium.
1150 4218 1194 4267 lib.
1205 4218 1241 4268 iii.
1253 4219 1277 4268 7.

493 4297 571 4343 cordio
581 4298 663 4345 virtus.
1012 4292 1080 4341 Tecto
1090 4294 1245 4354 superciliosi
1261 4294 1350 4355 quondo
1359 4294 1426 4339 moe
1436 4307 1476 4340 re·

429 4365 468 4413 Ita
479 4373 503 4413 et
513 4369 576 4415 olim.
588 4368 653 4417 Fest.
664 4368 700 4417 iii.
712 4372 770 4418 555.
1073 4367 1153 4423 mittis,

733 4442 765 4490 Ut
775 4443 829 4490 olim
1042 4441 1091 4487 Aut
1100 4448 1141 4489 tua
1151 4457 1203 4488 eum
1210 4442 1379 4506 digitieeeripto
1386 4440 1479 4488 sitnon

462 4510 547 4558 Δηιίεω
556 4514 628 4561 dubie
640 4513 703 4579 Rege
713 4525 830 4581 vagantur
839 4531 900 4577 apes.
1072 4523 1146 4563 mas.

803 4589 895 4639 Heius.
979 4585 1027 4636 Ubi
1037 4587 1085 4637 vid.
1096 4588 1214 4639 Pusuat.
