3600 5925
503 732 567 797 290
791 728 829 791 Ρ.
854 723 1014 791 OVIDII
1039 721 1251 787 NASONIS

506 904 580 980 Ter
596 904 686 977 mihi
700 905 780 1001 jam
796 898 948 974 veniens
959 897 1106 997 positas
1124 894 1357 993 Hymenaeus
1374 897 1420 969 ad
1437 920 1519 971 aras

559 1018 692 1114 Fugit3
720 1027 760 1091 et
775 1040 797 1090 e
813 1013 968 1089 thalami
985 1012 1111 1085 limine
1128 1022 1235 1106 terga
1251 1010 1368 1085 dedit.

506 1133 658 1230 Vixque
671 1155 783 1206 manu
800 1130 909 1228 pigri
926 1127 1038 1203 toties
1054 1125 1177 1200 infusa
1192 1138 1392 1224 resurgunt

559 1249 737 1323 Lumina:
765 1247 828 1322 vix
845 1257 947 1321 moto
965 1243 1118 1343 corripit
1133 1244 1220 1339 igne
1237 1241 1350 1317 laces.
1474 1247 1545 1318 160

509 1367 621 1463 Saepe
634 1364 819 1439 coronatis
837 1363 979 1437 stillant
994 1368 1186 1457 unguenta
1201 1359 1359 1457 capillis,

559 1480 610 1554 Et
625 1481 782 1556 trahitur
799 1480 917 1554 multo
934 1477 1131 1577 splendida
1147 1476 1247 1575 palla
1262 1500 1385 1550 croco.

509 1598 608 1671 Cum
624 1599 750 1695 tetigit
764 1597 891 1682 limen,
908 1594 1080 1669 lacrimas
1097 1593 1304 1697 mortisque
1320 1591 1491 1666 timorem

559 1713 711 1801 Cemit;
739 1721 778 1787 et
795 1736 818 1787 a
833 1711 938 1785 cultu
955 1711 1073 1785 multa
1088 1719 1232 1785 remota
1248 1733 1328 1782 suo.

510 1827 667 1927 Projioit
683 1829 764 1927 ipse
781 1852 869 1903 suas
885 1827 1049 1904 deductl
1065 1826 1185 1900 sronte
1201 1848 1370 1912 coronas,
1476 1828 1545 1897 loo

560 1943 769 2043 Spissaque
785 1945 833 2020 de
850 1945 977 2019 nitidis
994 1945 1107 2042 tergit
1123 1967 1270 2018 amoma
1285 1943 1415 2017 comis.

511 2058 562 2134 Et
578 2062 696 2160 pudet
712 2062 750 2135 in
767 2063 863 2154 tristi
879 2063 1008 2136 laetum
1024 2083 1248 2157 consurgere
1264 2060 1398 2133 turba:

559 2175 710 2276 Quique
728 2188 808 2253 erat
824 2179 862 2251 in
879 2177 994 2277 pulla,
1012 2176 1146 2251 transit
1161 2176 1200 2249 in
1216 2198 1281 2249 ora
1297 2175 1420 2248 rubor·

508 2291 561 2365 At
577 2292 668 2365 mihi
686 2295 758 2389 (vae
775 2294 920 2368 miseroe
932 2292 959 2386 l)
985 2300 1170 2367 torrentur
1186 2290 1352 2366 febribus
1371 2298 1493 2363 artus:

560 2405 610 2479 Et
627 2407 774 2502 gravius
787 2409 891 2505 justo
909 2407 1023 2507 pallia
1039 2408 1187 2507 pondus
1203 2407 1355 2480 habent.
1477 2410 1547 2478 170

391 2589 395 2594 .
511 2520 727 2618 Nostraque
745 2523 934 2621 plorantes
951 2523 1060 2597 video
1077 2547 1191 2621 super
1207 2546 1273 2596 ora
1288 2531 1487 2620 parentes:

561 2635 623 2724 Et,
641 2637 723 2712 face
740 2663 808 2738 pro
826 2639 992 2725 thalami,
1010 2638 1074 2712 fax
1091 2638 1181 2712 mihi
1199 2638 1327 2712 mortis
1344 2638 1463 2712 adest.

512 2751 631 2826 Parce
649 2754 842 2840 laboranti,
862 2755 966 2852 picta
986 2753 1069 2829 Dea
1085 2755 1172 2828 loeta
1188 2756 1384 2852 pharetrl;

563 2869 698 2969 Daque
715 2871 943 2946 salutiferam
957 2875 1036 2969 jam
1053 2871 1144 2943 mihi
1162 2869 1283 2943 fratris
1300 2893 1424 2969 opem.

546 3152 600 3199 157.
619 3153 707 3201 Poritos
717 3153 854 3218 Hyrseoeue
870 3157 900 3202 ud
915 3155 1002 3219 aures]
1056 3153 1190 3203 latinitatis
1208 3164 1232 3201 et
1248 3151 1351 3217 corrupti
1369 3150 1479 3200 sermonis
1494 3167 1549 3200 eene

511 3225 549 3272 Ad
569 3242 621 3273 aros
638 3242 693 3275 eum
709 3226 903 3277 Sliebtenhorstio
921 3227 1004 3292 legen-
1055 3227 1196 3276 bontionem
1206 3225 1379 3279 eemaitlnnm
1386 3223 1549 3274 neumenia

511 3297 577 3345 dnm.
599 3299 730 3350 llnrssrus.
763 3301 834 3350 Certe
851 3302 894 3350 hoc
913 3301 1005 3359 melius,
1055 3300 1175 3350 adTibul.
1186 3300 1203 3348 i.
1215 3300 1243 3348 ii.
1255 3303 1280 3350 ³.
1299 3301 1386 3348 Burin.

511 3387 646 3436 quamctun
662 3373 716 3424 aliis
731 3375 880 3440 interpretari
896 3375 926 3424 ad
938 3391 1006 3425 eures
1089 3376 1144 3424 loa.
1162 3374 1287 3436 Splendida
1301 3376 1365 3436 pullo
1380 3372 1464 3435 erosa]
1484 3372 1549 3422 Puto

511 3444 655 3504 dormientis,
671 3449 721 3497 sive
737 3466 815 3513 aegrn,
834 3450 859 3497 id
878 3460 914 3499 est
929 3452 1004 3512 posite
1054 3451 1189 3499 flammeum
1199 3449 1309 3513 intelligi,
1319 3447 1383 3513 quod
1393 3463 1458 3497 nore
1468 3456 1549 3513 παρη

512 3518 642 3585 Cydippes.
676 3521 788 3570 Francius
804 3523 916 3579 malebat,
927 3526 1007 3585 positis
1054 3524 1180 3587 gerebant:
1198 3522 1222 3571 id
1234 3524 1297 3573 enirn
1307 3522 1384 3572 crocei
1395 3522 1479 3572 eoloris
1487 3531 1549 3571 erat.

513 3592 750 3658 Hymenaeusnbartr.
784 3596 950 3646 Douzaetiarn
963 3616 1006 3646 aa·
1029 3598 1033 3607 ¹
1056 3599 1164 3648 tamnus
1187 3599 1275 3647 luteum
1296 3607 1381 3647 voest:
1412 3606 1440 3646 ut
1462 3595 1504 3646 hb.
1524 3596 1550 3644 ii.

512 3667 671 3717 rulaciebat.
1056 3673 1113 3721 261.

547 3740 603 3789 159.
621 3739 727 3807 Infima]
746 3740 966 3792 VirLatinumest.
982 3755 1007 3793 et
1090 3745 1164 3794 lacten
1189 3749 1291 3795 demissos
1316 3748 1424 3795 velarent
1443 3746 1553 3810 fimes

512 3812 576 3878 loqui
585 3814 616 3864 de
625 3815 823 3866 lacibmvidetur.
834 3817 902 3873 rorte,
909 3821 1009 3872 turum.
1122 3821 1209 3868 vultus.
1425 3819 1519 3867 Mrcrr..

514 3887 646 3938 Heinsius.
678 3889 756 3945 Forte,
773 3893 852 3939 totiena
865 3893 956 3941 irtcsruo
972 3911 1008 3941 rs-
1059 3892 1264 3943 Vidadpeuon.
1272 3908 1327 3959 eap.
1339 3892 1405 3942 xxvi.

514 3965 582 4010 sumo
599 3966 701 4021 tunium·
719 3963 785 4013 uted
801 3964 959 4029 Hymenaeum
972 3984 1009 4016 re·
1095 3967 1148 4016 172.
1175 3967 1216 4024 Er,
1230 3967 1289 4032 sees
1306 3984 1349 4030 pro
1369 3966 1474 4024 thalasii,
1492 3967 1554 4032 lte]

515 4032 628 4085 terantur.
640 4036 674 4085 sic
685 4036 704 4084 i.
715 4035 797 4084 Amor.
809 4036 826 4085 i.
839 4038 864 4085 8.
1060 4040 1182 4090 verbatim
1192 4041 1241 4091 lere
1249 4040 1419 4090 Aristenastus:
1431 4043 1481 4091 Kal
1490 4044 1559 4107 πρὸς

550 4108 647 4158 Ventilet
677 4127 780 4160 aecem
802 4113 870 4175 fleon
904 4114 1008 4162 Mrem
1058 4114 1561 4181 lnpoprlmlvriwmyvylmolmbv-

571 4184 649 4247 socer.
1059 4187 1197 4255 τεςέέιραν.
1212 4188 1303 4237 Arrun.

515 4253 627 4306 Francius
648 4259 749 4317 volebat,
768 4261 871 4326 pectora.
891 4262 911 4311 si
930 4262 1008 4327 iry'unr
1093 4263 1147 4311 17⁴.
1164 4262 1277 4326 Fratris]
1293 4261 1418 4328 Apollinis.
1432 4260 1474 4325 qui
1485 4264 1562 4326 apud

514 4335 575 4373 esset
594 4330 751 4390 retinendum,
770 4335 915 4399 subintelligi
937 4335 1008 4385 debet
1057 4336 1119 4384 hunc
1129 4335 1240 4385 Nostrmn
1251 4335 1296 4385 lib.
1306 4335 1324 4384 i.
1334 4333 1562 4399 assumpturi:

513 4396 568 4443 ⁰1⁶⁰·
597 4409 624 4448 nt
650 4403 751 4454 dicimus
766 4408 878 4471 pery‘undi
903 4414 955 4457 visto
978 4410 1008 4458 de
1091 4409 1211 4457 inuentum
1226 4413 1336 4459 medicine
1353 4425 1424 4459 mm
1442 4418 1484 4464 eet,
1497 4408 1563 4472 Ops*-

513 4468 592 4530 0b¹l⁰t
609 4475 652 4521 ted
662 4472 757 4539 ibatur
776 4486 827 4529 sino
844 4482 945 4533 labentis
957 4484 1007 4547 jem
1114 4482 1199 4546 ferque
1209 4501 1251 4545 per
1262 4487 1334 4533 orbem
