3600 5925
498 746 565 812 111111
790 750 829 813 Ρ.
853 746 1015 813 ovum
1039 747 1249 814 NASONIS

502 919 676 1019 Denique
693 946 789 1021 quas
805 924 886 995 totd
900 922 1101 1019 quisquam
1116 924 1250 1021 probet
1263 921 1368 997 Urbe
1381 926 1537 1024 puellas,

550 1036 690 1113 Noster
707 1040 746 1113 in
762 1040 830 1113 bas
847 1063 978 1113 omnes
995 1038 1215 1113 ambitiosos
1232 1062 1347 1113 amor.

852 1369 1097 1444 ELEGIA
1138 1368 1186 1444 V.

500 1520 536 1594 N
539 1521 636 1595 ullus
652 1542 755 1595 arnor
771 1521 865 1595 tanti
882 1531 958 1608 est3
987 1520 1132 1616 (abeas,
1143 1520 1356 1618 pharetrate
1369 1521 1536 1620 Cupido)
1558 1564 1561 1570 -

549 1637 604 1712 Ut
619 1639 710 1713 mibi
727 1638 804 1712 sint
819 1638 931 1711 toties
948 1636 1113 1710 maxima
1128 1644 1215 1708 vota
1232 1635 1338 1709 mori.

498 1752 597 1828 Vota
612 1755 705 1829 mori
723 1778 808 1829 mea
824 1762 924 1840 sunt,
942 1776 1029 1826 cum
1046 1763 1084 1826 te
1101 1774 1282 1850 peccasse
1300 1752 1484 1826 recordor.

547 1869 622 1945 Hei
639 1872 742 1960 mihi,
761 1881 985 1971 perpetuum
1002 1879 1091 1944 nota
1106 1868 1233 1967 puella
1248 1868 1403 1942 malum!

498 1985 535 2059 N
536 2011 585 2061 on
602 1989 692 2062 mihi
710 1989 844 2064 deletae
861 1988 1006 2062 nudant
1021 1997 1087 2061 tuo
1102 1984 1203 2060 facta
1218 1986 1384 2061 tabellae:
1511 1991 1533 2059 5

545 2103 634 2179 Non
650 2106 740 2180 data
755 2104 889 2180 furtive
907 2128 1061 2178 munera
1076 2103 1217 2177 crimen
1234 2102 1385 2177 habent.

495 2217 530 2291 O
549 2220 690 2295 utinam
708 2245 903 2319 arguerem
920 2222 987 2307 sic,
1006 2230 1139 2294 utnon
1154 2218 1303 2293 vincere
1319 2218 1485 2317 poss'em!

544 2335 611 2409 Me
628 2336 821 2410 miserum!
848 2359 964 2434 quare
980 2347 1059 2410 tam
1076 2336 1175 2409 bona
1190 2357 1326 2409 caussa
1341 2358 1426 2409 mea
1442 2334 1521 2408 est?

495 2449 613 2536 Felix,
632 2451 697 2548 qui
714 2453 817 2551 quod
835 2464 937 2527 amat
952 2451 1153 2527 defendere
1169 2449 1312 2524 fortiter
1328 2451 1459 2525 audet:

543 2566 616 2640 Cui
633 2590 714 2655 sua,
734 2567 822 2643 Non
838 2568 924 2655 feci,
942 2569 1069 2643 dicere
1086 2566 1206 2641 amica
1222 2576 1359 2664 potest.
1490 2570 1534 2639 10

494 2680 650 2756 Ferreus
668 2692 738 2772 est,
758 2686 990 2786 nimiumque
1007 2709 1076 2759 suo
1093 2683 1192 2758 favet
1208 2683 1271 2757 ille
1287 2683 1416 2768 dolori,

542 2797 614 2872 Cui
632 2799 772 2899 petitur
788 2802 888 2877 victa
906 2803 1032 2902 palma
1048 2810 1201 2876 cruenta
1218 2800 1293 2874 red.

492 2912 581 3012 lpse
598 2915 711 2990 miser
726 2915 815 3005 vidi,
834 2943 921 2993 cum
940 2944 1000 2995 me
1014 2918 1176 2994 dormire
1194 2927 1358 3017 putares,

542 3031 698 3106 Sobrius
715 3033 888 3133 adposito
906 3037 1061 3111 crimina
1077 3046 1200 3111 vestra
1217 3058 1331 3109 mero.

492 3143 615 3220 Multa
626 3149 827 3245 supercilio
844 3151 919 3225 vidi
937 3153 1105 3226 vibrante
1122 3151 1332 3247 loquentes.
1490 3156 1530 3223 15

540 3258 706 3336 Nutibus
723 3263 762 3336 in
778 3268 911 3340 vestris
929 3291 1015 3367 pars
1033 3268 1133 3340 bona
1149 3266 1250 3339 vocis
1264 3276 1357 3340 erat.

490 3374 577 3449 Non
594 3378 692 3451 oculi
710 3389 862 3456 tacuere
880 3384 949 3470 tui,
967 3382 1257 3480 conscriptaque
1274 3382 1361 3456 vino

537 3490 689 3579 Mensa;
719 3518 788 3568 nec
807 3497 844 3569 in
862 3497 990 3595 digitis
1007 3499 1115 3573 litera
1132 3497 1233 3571 nulla
1250 3497 1332 3571 fuit.

490 3607 708 3683 Sermonem
726 3614 873 3708 agnovi,
894 3617 997 3712 quod
1016 3640 1090 3690 non
1106 3614 1289 3700 videatur,
1308 3627 1500 3712 agentem

536 3724 738 3824 Verbaque
754 3752 823 3826 pro
841 3733 953 3805 certis
966 3734 1075 3831 jussa
1090 3729 1211 3805 valere
1228 3730 1341 3805 notis.
1483 3736 1529 3804 20

483 3931 573 3985 egomt.
598 3923 641 3973 scd
667 3924 822 3976 lasciviorem.
843 3943 917 3994 qnare
938 3946 983 3995 ego
1034 3927 1529 3992 morimontensi-intedi-

482 3996 980 4066 uonaliennseosemcbhnclectione,
1032 4003 1080 4060 uio,
1101 4002 1531 4071 manotdoeetoeuioeoppoeita,

482 4081 536 4130 qun
545 4069 680 4120 exhiberet:
1038 4075 1156 4126 ndicetnr.
1170 4074 1225 4125 vide
1242 4075 1273 4125 ed
1289 4075 1386 4125 Petron-
1403 4091 1459 4142 οφ.
1476 4077 1532 4127 lxvi.

514 4141 977 4215 Hamtorrpoetamriomrttaptam.
1031 4149 1121 4199 Boon.

481 4212 516 4262 Ur
525 4215 609 4265 eedem
620 4217 659 4268 bic
669 4221 701 4268 sit
711 4221 835 4272 diversitas
844 4225 906 4275 inter
918 4226 979 4278 dua·
1065 4223 1103 4272 16.
1121 4221 1181 4269 Pan
1191 4221 1269 4286 bona]
1292 4222 1352 4269 Pm
1365 4231 1435 4284 puta
1447 4222 1527 4288 conje-

479 4285 579 4345 thllu,
589 4303 643 4353 quo
654 4292 716 4342 inter
732 4295 850 4361 Phlogidc
864 4308 889 4348 et
905 4301 977 4350 Cbio
1027 4303 1093 4346 cent
1102 4306 1128 4346 et
1137 4294 1176 4344 hic
1186 4295 1303 4352 Heinsius,
1312 4302 1340 4343 ut
1349 4294 1531 4358 «libiadem

479 4360 600 4422 flentpud
612 4363 717 4415 Martini.
733 4368 776 4418 lib.
793 4369 825 4421 xi.
842 4372 922 4439 Epigr.
938 4375 979 4425 61.
1029 4368 1530 4435 mummi-immurmurare.

478 4425 567 4477 Βυικ.
1030 4442 1164 4494 Funucbi.
1176 4444 1200 4492 2.
1211 4453 1236 4493 et
1246 4444 1299 4510 quis
1308 4445 1371 4492 nont
1398 4444 1490 4495 Bou.

513 4498 550 4547 Η·
565 4503 671 4583 ‘fmw
687 4511 769 4575 mv]
805 4516 835 4564 1¹¹
854 4518 980 4585 Excerptis
1064 4526 1101 4575 19.
1120 4525 1186 4579 Quod
1212 4544 1258 4574 non
1281 4529 1387 4575 οἰάκων
1407 4526 1528 4593 ugm]

477 4569 578 4622 Putem
588 4585 648 4633 mr,
660 4586 849 4641 amram.
866 4592 925 4642 rone
936 4609 979 4660 pro
1028 4602 1153 4650 ranam
1163 4599 1225 4651 earm
1242 4601 1351 4667 praesu
1367 4603 1527 4667 moso,

1733 4415 1736 4545 ι
