3600 5925
587 743 846 811 HEROIDES.
870 745 941 811 ΕΡ.
957 743 1055 814 XX.
1282 752 1363 816 271·

303 915 361 989 Sit
378 916 547 1002 dubium,
566 917 736 1013 possisne
754 916 861 1015 capi3
890 919 1090 1016 captabere
1107 932 1221 995 carte.

353 1031 490 1107 Exitus
508 1032 547 1104 in
566 1031 636 1105 Drs
655 1043 734 1106 est:
763 1032 831 1106 sed
848 1032 1000 1131 capiere
1016 1042 1154 1108 tamen.

303 1144 359 1219 Ut
375 1158 522 1244 partem
540 1145 710 1243 effugias,
730 1172 804 1220 non
822 1148 948 1220 omnia
964 1147 1059 1221 retia
1073 1147 1202 1223 falles:
1297 1155 1345 1226 45

352 1258 448 1344 Quae
465 1261 547 1347 tibi,
566 1257 681 1358 quain
697 1261 832 1348 credis,
851 1261 960 1359 plura
976 1262 1138 1337 tetendit
1153 1263 1281 1338 Amor.

302 1374 431 1449 Sinon
448 1375 646 1475 proficiant
662 1387 774 1463 artes,
790 1376 983 1450 veniemus
1001 1377 1048 1451 ad
1067 1401 1192 1467 arma;

351 1488 473 1589 Inque
490 1492 546 1565 tui
563 1492 702 1589 cupido
720 1499 828 1588 rapta
843 1488 962 1565 ferere
979 1491 1075 1564 sinu.

301 1602 338 1675 N
341 1629 390 1678 on
401 1630 498 1693 sum,
510 1606 577 1704 qui
589 1607 730 1681 soleam
743 1606 890 1680 Paridis
900 1607 1174 1704 reprehendere
1183 1608 1343 1687 factum:

351 1718 388 1792 N
390 1743 434 1794 ec
452 1745 695 1819 quemquam,
715 1722 793 1818 qui,
807 1721 862 1794 vir
879 1722 1002 1819 possit
1019 1730 1062 1795 ut
1078 1745 1176 1808 esse,
1194 1722 1276 1797 fuit.
1296 1729 1345 1798 50

301 1831 383 1908 Nos
401 1860 574 1934 quoquc:
595 1836 662 1909 sed
680 1845 801 1909 taceo.
830 1858 931 1909 mors
948 1836 1059 1932 hujus
1078 1861 1190 1935 poena
1205 1837 1344 1935 rapinae

352 1948 407 2023 Ut
423 1950 483 2037 sit,
498 1962 578 2025 crat
594 1974 709 2048 quam
727 1961 765 2023 te
783 1974 858 2022 non
876 1949 1065 2035 habuisse,
1085 1950 1217 2024 minor.

299 2061 377 2139 Aut
394 2089 498 2139 esses
515 2066 677 2139 formosa
693 2065 828 2151 minuo,
848 2075 1018 2162 peterere
1035 2065 1218 2139 modeste.

349 2179 525 2254 Audaces
538 2178 635 2253 facie
652 2179 820 2276 cogimur
837 2202 923 2252 esse
937 2180 1018 2251 tudss

297 2291 355 2365 Tu
372 2292 466 2367 facis
483 2293 567 2381 hoc,
586 2293 762 2390 oculique
779 2293 856 2380 tui;
886 2291 1025 2389 quibus
1043 2292 1156 2388 ignea
1172 2295 1313 2371 cedunt

350 2406 500 2497 Sidera3
521 2409 587 2505 qui
605 2409 766 2481 flammae
783 2430 920 2481 caussa
935 2405 1040 2481 fuere
1058 2421 1165 2482 meae.
1292 2416 1341 2485 56

298 2519 382 2597 Hoc
399 2524 484 2599 flavi
502 2524 644 2599 faciunt
660 2523 795 2610 crines,
814 2534 854 2596 et
871 2523 1038 2596 eburnea
1053 2524 1200 2614 cervix3

348 2637 533 2739 Quaeque,
552 2664 696 2740 precor,
715 2640 868 2715 veniant
883 2638 922 2711 in
940 2661 1026 2712 mea
1042 2637 1141 2712 colla
1156 2663 1312 2715 manus:

329 2845 372 2892 44.
396 2845 479 2895 &irus
494 2849 521 2894 in
539 2847 598 2910 diu]
624 2847 655 2896 ln
675 2849 744 2896 dubio
761 2858 793 2896 err
876 2847 918 2894 67.
936 2846 986 2894 Hoc
994 2843 1093 2910 sariunt
1101 2846 1163 2911 fluor·
1172 2848 1267 2911 eriam]
1286 2848 1340 2898 Fla·

296 2916 493 2984 Gottorphianus.
504 2918 538 2969 nil
549 2928 623 2970 muta.
645 2919 776 2971 Pindarus:
844 2935 888 2970 rus
906 2919 1014 2985 capillus,
1032 2928 1059 2970 ut
1075 2918 1149 2985 niger,
1164 2921 1342 2973 commendatur

330 2994 387 3042 Νῦν
395 2990 416 3041 d'
425 2994 531 3059 ἔλπομαι
539 2996 595 3059 μὲν,
607 2995 635 3044 ἐν
644 2995 693 3059 θεῷ
705 3012 732 3060 γε
741 2997 794 3060 μάν
843 2992 868 3043 in
878 2993 975 3060 puellis.
991 2993 1026 3043 sic
1036 2992 1067 3043 de
1077 2994 1187 3046 Lucretia
1197 3005 1247 3046 ext.
1258 2997 1302 3047 lib.
1312 2998 1339 3047 ii.

360 3065 440 3125 τέλος.
670 3067 761 3118 Herus.
844 3067 910 3116 Fast.

328 3139 369 3187 tu.
389 3139 478 3203 Cupido
486 3140 564 3205 sinu]
583 3140 725 3206 Respexisse
734 3150 792 3206 puto
875 3139 959 3188 Porum
968 3142 1051 3202 placet,
1061 3145 1182 3206 mucusque
1192 3145 1261 3202 color,
1266 3146 1340 3210 fluui-

295 3212 447 3278 adjuterium
453 3213 583 3280 ingenium,
591 3214 641 3280 qui,
650 3223 677 3264 ut
684 3214 791 3264 aitAris·
938 3216 1077 3277 quocnpills',

295 3285 380 3336 tutelas
398 3286 441 3337 lib.
462 3288 488 3337 ii.
509 3288 609 3338 Rbetor.
629 3290 708 3350 cupidi
728 3299 790 3339 sunt.
907 3287 1016 3351 Quodque
1033 3290 1114 3337 adnot
1134 3292 1201 3338 nullu
1211 3290 1294 3355 sactus
1310 3295 1339 3342 ub
1440 3270 1445 3281 ⁵

295 3360 383 3417 Qualia
392 3370 447 3412 sunt
456 3362 513 3411 illa:
936 3371 988 3410 orto
997 3363 1065 3411 solor.

327 3436 440 3495 dium
454 3446 477 3484 st
493 3437 790 3498 supidoeredmurrsdditu
840 3432 910 3497 vbg.
922 3433 966 3483 lib.
977 3434 1012 3484 iv.
1023 3434 1188 3487 rundatos.

360 3509 441 3572 oirgol
874 3506 983 3557 Nondum
992 3509 1030 3557 itti
1036 3510 1128 3573 flauum
1140 3510 1278 3575 Proserpina
1287 3530 1337 3562 usr-

332 3596 339 3626 :
905 3584 1044 3632 ticscriaem
1054 3585 1196 3633 Abstulerat.

329 3653 387 3702 Cum
402 3656 503 3717 primunr
516 3658 598 3718 cupido
616 3655 690 3706 Versus
704 3666 736 3705 ut
750 3658 788 3704 ds·
839 3654 939 3704 fallitur
948 3656 981 3705 ibi
992 3656 1089 3706 doefiss.
1100 3656 1224 3722 interpres,
1233 3659 1337 3716 Seruius,

357 3729 429 3776 dueta
439 3732 530 3776 mrito.
684 3728 756 3778 Cror.
839 3727 880 3792 qui
897 3729 950 3778 bec
967 3730 1063 3779 scribit:
1081 3732 1234 3779 Abscoudeato
1246 3733 1335 3796 gotero.

295 3817 302 3843 .-
325 3802 366 3850 49.
378 3800 432 3849 Noa
441 3818 490 3850 rurs
499 3804 539 3865 qui
548 3802 651 3865 soleam]
670 3801 746 3849 Plena
755 3801 788 3849 lo·
840 3800 904 3850 Huic
913 3818 966 3867 ergo
976 3806 1026 3860 dut,
1036 3805 1100 3866 quasi
1109 3805 1179 3866 usrpi.
1197 3802 1265 3867 Virg.
1272 3803 1336 3854 enlm

294 3580 328 3628 Et

292 3876 357 3924 cutio
365 3883 436 3932 esset,
446 3892 492 3923 non
501 3877 522 3923 is
532 3892 589 3932 sum,
597 3878 637 3938 qui
646 3876 737 3923 utum.
746 3872 789 3923 lib.
839 3874 882 3924 lib.
894 3876 912 3922 i.
923 3875 1016 3926 dixerat
1032 3876 1152 3926 Didonem
1165 3892 1217 3926 esse
1227 3877 1337 3941 pulcher·
1432 3904 1437 3909 -

293 3947 312 3996 i.
322 3947 404 3999 Amor.
416 3948 458 3997 xii.
470 3950 513 3998 29.
545 3949 599 3996 Non
609 3949 789 4010 ost,quideleat
839 3948 1027 4004 rimanubiiu
1037 3958 1087 3998 est:

292 4025 341 4072 uri.
355 4023 451 4088 plenam
466 4021 611 4072 locutionem
627 4021 710 4078 habes,
725 4020 789 4085 apud
871 4020 963 4085 Regino
973 4024 1118 4084 adsumptum
1120 4022 1202 4086 sonna
1207 4022 1335 4085 pulcherri-

293 4095 431 4146 Ciceronem
444 4096 479 4146 ir.
495 4095 526 4145 nd
537 4095 606 4145 Fun.
617 4096 643 4143 2.
671 4094 697 4142 Si
707 4097 725 4142 u
734 4110 788 4143 esse·
903 4111 940 4142 ma
951 4094 1012 4143 Dido
1022 4095 1126 4145 tmesis.
1231 4097 1302 4146 Cror.

292 4188 349 4228 nus,
365 4175 405 4235 qui
420 4173 530 4221 auam.
545 4178 570 4219 et
586 4169 677 4219 Lucan.
694 4169 713 4218 i.
732 4169 789 4217 171.
839 4166 930 4215 Verum
946 4176 1027 4218 tameo
1040 4177 1085 4225 est,
1099 4168 1165 4233 quod
1181 4170 1275 4219 Seruius
1291 4171 1334 4220 ob·

293 4244 347 4292 Non
360 4255 410 4294 erat
427 4244 565 4308 upopulsu,
582 4259 646 4307 quun
660 4258 705 4304 poa
723 4252 787 4290 troo·
836 4241 1002 4305 semustum
1011 4241 1087 4291 crines
1102 4241 1173 4291 tribui
1188 4258 1281 4308 semper
1290 4244 1334 4293 Fe·

291 4319 486 4381 quillujuwet.
503 4316 578 4366 etita
595 4314 646 4365 elii.
660 4315 722 4365 hanc
739 4314 788 4365 ele·
837 4312 947 4371 minimi
964 4329 1011 4363 non
1026 4313 1120 4364 omnino
1134 4315 1251 4382 turpibus,
1263 4316 1335 4379 cultis

291 4390 397 4455 gantiam
416 4390 494 4440 huni
515 4390 628 4440 sermonis
644 4388 739 4455 egregie
758 4388 787 4437 il·
837 4389 1133 4449 tamenstaVenerenou
1143 4389 1332 4442 abhorrentibus:

291 4463 401 4512 lustravit
416 4464 524 4515 Vorstiru
536 4464 566 4514 de
583 4463 711 4517 latinitate
727 4463 787 4515 labo
837 4471 862 4512 et
886 4461 931 4511 boc
951 4462 1022 4513 docet
1042 4462 1169 4514 Menandri
1189 4475 1331 4534 preceptum

291 4544 411 4605 suspects.
421 4554 475 4604 cap.
486 4555 510 4590 v.
543 4540 632 4590 Bonis.
836 4535 899 4602 apud
910 4535 1127 4590 cremensium.
1160 4539 1256 4605 Pedsg.
