3600 5925
411 1370 707 1458 LECTORI
746 1372 1085 1458 MONITUM

224 1638 353 1725 Quuru
383 1646 422 1721 in
453 1649 643 1724 uberrimo
669 1648 864 1736 Amorum,
895 1650 1136 1736 Fabularum,
1166 1646 1271 1722 Reli·

220 1772 387 1868 gionum,
409 1804 534 1880 neque
561 1780 695 1856 eodem
724 1782 950 1880 politissimo
976 1782 1158 1880 scriptore
1182 1777 1272 1851 Ovi·

222 1905 298 1996 dio,
322 1912 416 2009 quid
439 1913 578 1989 dixerit
600 1912 739 2012 potius,
765 1938 879 2012 quam
907 1913 1096 2014 quomodo
1122 1910 1272 1994 dixerit,

223 2060 346 2113 rerum
363 2042 542 2118 studiosis
558 2042 815 2141 indagandum
827 2046 1010 2133 videatur,
1026 2056 1173 2119 textum
1187 2065 1273 2140 per·
1363 2040 1365 2043 ’

223 2171 354 2267 paucis
380 2186 567 2249 mutatum
590 2174 881 2250 Burmannianae
911 2177 1011 2252 illius
1034 2171 1211 2251 editionis
1235 2171 1273 2245 in

222 2300 320 2377 hanc
346 2317 512 2381 nostram
539 2307 683 2407 placuit
710 2310 891 2409 recipere,
918 2308 1180 2384 adnotationes
1207 2328 1272 2378 au·

220 2444 311 2521 tem,
335 2437 514 2514 siminus
538 2441 586 2515 ad
613 2442 905 2529 emendandum,
930 2442 979 2516 ad
1004 2436 1273 2539 explicandum

223 2564 348 2642 forsan
374 2568 534 2646 Poetam
565 2571 720 2648 idoneas
750 2598 772 2649 e
801 2574 1016 2649 criticorum
1043 2567 1272 2648 doctissimis

223 2697 381 2776 adferre.
436 2703 511 2778 Cui
533 2703 697 2804 incoepto
714 2705 753 2779 in
770 2706 900 2805 primis
923 2704 1092 2780 subsidio
1108 2701 1272 2784 suerunt,

223 2831 285 2906 hic
312 2834 403 2922 suis,
422 2835 556 2912 alienis
580 2837 643 2911 ille
666 2839 797 2937 copiis,
818 2837 1026 2913 Lemairius
1052 2835 1207 2936 quidem
1234 2842 1274 2906 et

226 2964 443 3059 Harlesius;
472 2993 520 3043 ne
543 2981 670 3045 umen
695 2994 717 3045 e
742 2971 847 3070 prelo
865 2970 1084 3045 Britannico
1108 2966 1274 3067 prodiret

223 3100 323 3174 omui
349 3100 578 3175 Britannica
605 3101 825 3177 eruditionis
850 3126 923 3201 ope
952 3101 1156 3175 destitutus
1181 3097 1271 3170 Ovi-

223 3232 320 3321 dius,
356 3233 457 3308 carit
488 3232 684 3331 diligentia
717 3233 864 3332 patroni
899 3233 958 3307 sui
992 3229 1269 3332 typographio,

223 3365 290 3466 qui
316 3378 426 3441 notas
453 3366 711 3462 lectionesque
735 3363 980 3439 Bentleianas
1006 3389 1029 3439 c
1054 3361 1205 3436 schedis
1233 3360 1270 3434 in

225 3498 328 3573 Mus.
357 3498 469 3575 Britt
498 3496 680 3596 depositis
705 3521 806 3571 nunc
837 3497 1000 3596 primurn
1026 3495 1269 3593 depromptas

224 3632 335 3731 adjici
353 3631 507 3705 curavit.

262 3854 367 3915 Oxou.
382 3853 463 3912 Mar.
479 3852 566 3923 1827.
