3600 5925
529 783 669 851 ARTIS
692 781 959 849 AMATORIAE
983 785 1073 850 LIB.
1098 787 1126 851 Ι.
1289 792 1354 858 463

318 958 461 1033 Fortior
477 959 514 1031 in
533 957 654 1043 nobis,
674 979 743 1031 neo
761 966 837 1029 tam
855 956 994 1031 furiosa
1009 958 1136 1033 libido.

366 1073 591 1173 Legitimum
608 1072 721 1146 tinem
738 1072 889 1147 damma
904 1074 1018 1147 virilis
1036 1075 1162 1151 habet.

317 1189 482 1289 Byblida
498 1189 589 1287 quid
607 1187 775 1274 referam,
794 1189 910 1263 vetito
927 1213 1011 1287 quae
1028 1189 1150 1266 fratris
1168 1217 1294 1270 amore

365 1304 486 1394 Arsit;
514 1316 554 1380 et
569 1316 628 1379 est
644 1305 779 1403 laqueo
796 1301 939 1380 fortiter
956 1306 1035 1381 ulta
1051 1307 1177 1384 nefas?

260 1511 263 1520 ι
317 1419 475 1520 Myrrha
490 1430 648 1520 patrem,
666 1421 734 1495 sed
752 1444 826 1494 non
843 1446 921 1519 quo
939 1422 1016 1496 filia
1031 1424 1157 1512 debet,
1176 1429 1331 1502 amavit:

366 1534 418 1609 Et
434 1559 532 1610 nuno
549 1536 713 1610 obducto
729 1536 869 1610 cortice
886 1560 1018 1635 pressa
1033 1539 1137 1614 latet.
1280 1550 1353 1618 286

317 1651 423 1726 Illius
441 1663 480 1727 et
494 1653 668 1739 lacrimis,
687 1675 784 1751 quas
801 1654 933 1728 arbore
950 1653 1072 1730 fundit
1088 1657 1216 1742 odora,

366 1766 594 1864 Unguimur;
622 1778 661 1842 et
677 1768 837 1841 dominae
854 1769 1005 1844 nomina
1021 1781 1129 1867 gutta
1144 1781 1260 1849 tenet.

318 1881 428 1957 Forte
445 1885 516 1957 sub
533 1883 717 1957 umbrosis
735 1906 940 1958 nemorosae
957 1886 1115 1959 vallibus
1134 1886 1212 1961 Idae

367 1998 574 2087 Candidus,
589 2000 744 2075 armenti
763 2001 891 2098 gloria,
910 2011 1039 2074 taurus
1055 2013 1152 2091 erat;
1280 2012 1354 2079 290

319 2114 498 2211 Signatus
513 2117 616 2190 tenui
633 2117 759 2191 media
775 2118 870 2192 inter
886 2141 1026 2191 cornua
1043 2118 1161 2214 nigro.

368 2228 455 2304 Una
471 2230 540 2304 fuit
557 2232 679 2317 labes;
707 2243 833 2307 cetera
848 2233 957 2308 lactis
975 2245 1093 2309 erant.

317 2344 429 2419 Illum
448 2347 733 2446 Gnosiadesque
752 2349 1022 2447 Cydoneaeque
1035 2352 1205 2447 juvencae

277 2504 279 2509 ·
367 2460 557 2561 Optarunt
573 2472 678 2559 tergo
694 2464 917 2538 sustinuisse
934 2489 1014 2537 suo.

318 2576 506 2676 Pasiphae
519 2577 599 2653 fieri
617 2579 805 2675 gaudebat
821 2580 991 2655 adultera
1006 2582 1121 2656 tauri:
1281 2589 1354 2657 205

368 2691 500 2766 Invida
515 2692 695 2767 formosas
713 2694 844 2769 oderat
859 2694 923 2768 illa
937 2696 1064 2770 boves.

318 2807 420 2882 Nota
436 2831 543 2882 cano.
563 2833 637 2881 nou
652 2809 735 2895 hoe,
755 2819 907 2883 uentum
925 2833 1010 2906 quae
1027 2811 1186 2885 sustinet
1203 2813 1327 2899 urbes

368 2922 547 3010 Quamvis
564 2925 613 3000 sit
630 2925 804 3015 mendax,
825 2925 943 3000 Creta
959 2947 1096 3023 negare
1111 2937 1247 3025 potest.

318 3041 409 3140 lpsa
424 3060 538 3116 novas
554 3041 716 3129 frondes,
735 3052 775 3115 et
790 3052 897 3141 prata
913 3042 1124 3129 tenerrima,
1143 3054 1248 3117 tauro

367 3156 501 3230 Fertur
518 3157 715 3231 inadsueta
733 3156 971 3232 subsecuisse
987 3182 1113 3232 manu.
1279 3165 1354 3232 300

317 3272 354 3346 It
370 3296 497 3347 eomes
514 3273 708 3365 armentis3
737 3297 806 3348 nee
822 3273 958 3347 ituram
975 3298 1066 3347 cura
1081 3283 1245 3348 moratur

367 3387 568 3487 Coujugis:
596 3401 636 3464 et
652 3388 778 3464 Minos
795 3414 818 3464 a
834 3391 929 3465 bove
945 3391 1066 3464 vietus
1083 3400 1175 3464 erat.

318 3502 403 3589 Quo
420 3504 501 3591 tibi,
521 3504 720 3605 Pasiphae,
739 3507 920 3605 pretiosas
938 3529 1084 3581 sumere
1101 3506 1246 3579 vestes?
1292 3568 1297 3577 .

367 3619 446 3694 Iste
462 3630 549 3696 tuus
567 3623 688 3697 nullas
706 3624 820 3698 sentit
836 3623 982 3697 adulter
998 3647 1103 3722 opes.

317 3734 417 3821 Quid
435 3736 503 3810 tibi
522 3762 606 3811 uum
625 3741 779 3839 speculo
795 3751 972 3814 montana
988 3747 1155 3812 armenta
1172 3735 1337 3833 petenti?

366 3850 467 3936 Quid
484 3852 595 3927 toties
612 3855 752 3953 positas
769 3854 891 3952 fingis,
910 3856 1049 3953 inepta,
1068 3850 1216 3927 eomas?
1279 3855 1352 3922 300
1475 3904 1477 3915 .

317 3967 440 4043 Crede
451 3979 578 4043 tamen
588 3972 752 4069 speculo,
765 3972 866 4069 quod
876 3982 915 4045 te
925 3980 1038 4067 negat
1048 3968 1350 4065 essejuvencam.

367 4082 491 4169 Quam
509 4107 667 4182 cuperes
684 4084 794 4158 sronti
811 4108 951 4159 cornua
967 4094 1055 4159 nata
1070 4083 1161 4157 tuae!

349 4255 407 4302 284.
432 4256 495 4305 Arsit
502 4274 511 4315 ,·
535 4266 557 4305 et
575 4265 606 4304 est
623 4257 699 4320 hqaso
712 4254 812 4321 sortiter
861 4255 1023 4305 tusaGraeois
1033 4263 1135 4320 sumpta,
1143 4252 1206 4318 apud
1223 4266 1282 4316 quos
1295 4251 1354 4299 Tra·

317 4332 370 4378 ulto
390 4331 485 4396 ugtirti]
515 4331 583 4381 Hanc
601 4331 706 4381 tabulam
726 4340 812 4382 tractat
860 4330 954 4396 gieiut
967 4330 1081 4394 cujusque
1097 4334 1233 4392 argumento
1249 4340 1352 4373 commo—

317 4400 381 4453 idem
402 4405 480 4468 poiita,
501 4404 545 4453 lih.
573 4405 606 4453 ir.
630 4405 732 4455 Metam.
765 4405 811 4454 Sed
861 4403 965 4459 dissime,
993 4403 1038 4451 hoc
1069 4410 1111 4451 aut
1141 4400 1201 4450 illud
1231 4400 1354 4464 affingunt.

318 4477 371 4527 vide
392 4477 550 4527 diversitatem
572 4480 734 4529 traditionum:
761 4479 810 4529 illic
861 4478 957 4526 Mrcrn.

316 4549 441 4599 delictisse
452 4548 575 4601 insontem
591 4552 657 4611 dicit,
670 4542 708 4602 hie
724 4553 810 4618 laqueo
892 4554 950 4600 293.
980 4550 1110 4605 Gamiades,
1149 4546 1351 4611 cyathum]

290 4594 478 4674 'suminam
496 4625 623 4690 syonna
657 4628 718 4685 oua
734 4626 810 4677 mu·
861 4623 1201 4675 munauucnaumnu.
1236 4620 1306 4669 cm.
