3600 5925
501 755 565 820 368
789 754 829 817 P.
853 748 1016 817 OVIDII
1040 745 1251 812 NASONIS

506 926 714 1026 Spectabat
729 938 883 1012 terram3
912 938 1049 998 terram
1066 931 1239 1021 spectare
1256 921 1427 994 decebat.

555 1040 699 1116 Moesta
714 1051 795 1116 erat
811 1042 850 1114 in
865 1041 989 1126 vultu3
1017 1047 1152 1112 moesta
1167 1037 1345 1111 decenter
1362 1047 1453 1109 erat.

507 1157 616 1231 Sicut
631 1169 749 1246 erant,
768 1159 825 1254 (et
841 1166 948 1232 eraut
961 1155 1070 1249 culti)
1088 1155 1227 1229 laniare
1244 1153 1411 1252 capillos,
1498 1154 1546 1224 45

557 1271 609 1348 Et
623 1273 694 1348 fuit
710 1276 749 1349 in
764 1286 913 1349 teneras
930 1275 1094 1372 impetus
1111 1272 1165 1346 ire
1182 1294 1311 1368 genas.

509 1387 562 1463 Ut
578 1388 711 1464 faciem
727 1391 815 1476 vidi,
834 1389 949 1464 fortes
966 1389 1137 1463 cecidere
1153 1385 1301 1461 lacerti:

557 1504 724 1580 Defensa
739 1517 800 1580 est
815 1506 928 1580 armis
945 1515 1073 1578 nostra
1089 1502 1216 1602 puella
1232 1501 1323 1575 suis.

506 1618 581 1705 Qui
598 1622 710 1696 modo
726 1645 849 1695 saevus
865 1644 980 1706 cram,
999 1619 1160 1718 supplex
1177 1620 1350 1714 ultroque
1366 1614 1505 1713 rogavi,

559 1736 703 1811 Oscula
718 1761 767 1813 ne
784 1737 891 1812 nobis
909 1735 1094 1810 deteriora
1109 1733 1229 1808 daret.
1499 1734 1548 1803 50

509 1851 610 1927 Risit
625 1864 666 1928 et
681 1877 730 1928 ex
748 1854 872 1928 animo
888 1853 995 1927 dedit
1010 1852 1170 1950 optima:
1199 1848 1326 1947 qualia
1342 1856 1499 1946 possent

559 1967 749 2044 Excutere
765 1969 859 2044 irato
875 1969 952 2043 tela
967 1966 1121 2042 trisulca
1136 1965 1234 2039 Jovi.

508 2083 702 2183 Torqueor
717 2084 859 2172 infelix,
879 2108 927 2158 ne
940 2095 1019 2158 tam
1035 2084 1136 2156 bona
1152 2079 1330 2155 sumserit
1344 2079 1454 2153 alter:

559 2199 610 2274 Et
625 2202 710 2275 volo
726 2225 801 2275 non
818 2224 867 2274 ex
884 2201 956 2274 hac
973 2199 1038 2273 illa
1052 2197 1169 2273 fuisse
1185 2206 1286 2271 nota

509 2313 604 2389 Haec
621 2339 787 2414 quoque,
806 2338 921 2412 quam
939 2314 1062 2400 docui,
1081 2314 1198 2387 multo
1215 2311 1371 2385 meliora
1381 2309 1544 2395 fuerunt;

558 2430 610 2506 Et
625 2432 806 2529 quiddam
822 2432 903 2506 visa
919 2442 978 2506 est
994 2429 1221 2505 addidicisse
1238 2428 1335 2502 novi.
1498 2428 1545 2497 56
1610 2474 1613 2479 -

509 2546 621 2631 Quod
637 2548 793 2622 nimium
810 2550 998 2648 placuere,
1017 2549 1156 2622 malum
1173 2557 1248 2622 est:
1277 2544 1380 2643 quod
1399 2552 1480 2617 tota
1494 2542 1545 2615 la·

560 2662 705 2761 Lingua
712 2674 779 2740 tua
788 2676 847 2742 est
856 2665 1005 2751 nostris,
1016 2675 1145 2739 nostra
1154 2671 1306 2760 recepta
1313 2659 1401 2734 tuis.
1423 2656 1546 2754 [bellis

510 2777 546 2850 N
549 2802 592 2854 ec
610 2790 737 2855 tamen
754 2782 827 2854 hoc
844 2805 961 2855 unum
977 2781 1104 2855 doleo:
1133 2803 1208 2854 non
1224 2776 1354 2852 oscula
1368 2785 1516 2848 tantum

557 2894 698 2971 Juncta
726 2920 879 2995 qucr0r3
921 2896 1091 2995 quamvis
1125 2895 1206 2969 haec
1236 2915 1388 2993 quoque
1417 2892 1547 2990 juncta

510 3010 593 3100 Illa,
605 3013 674 3088 nisi
686 3014 843 3102 inlecto,
855 3038 1042 3113 nusquam
1051 3024 1207 3112 potuere
1219 3011 1358 3086 doceri.
1377 3011 1552 3106 [querare

560 3127 699 3203 Nescio
716 3131 801 3227 quis
819 3132 981 3230 pretinm
998 3131 1139 3230 grande
1152 3130 1329 3227 magister
1346 3127 1472 3201 habet.

868 3455 1095 3530 ELEGIA
1134 3453 1202 3528 Vl.

486 3659 489 3666 ,
511 3580 712 3672 Psittacus,
733 3585 822 3661 Eois
840 3588 1021 3663 imitatrix
1038 3589 1116 3663 ales
1134 3589 1182 3662 ab
1201 3586 1319 3673 ludis,

559 3699 723 3776 Occidit.
750 3705 951 3801 exsequias
969 3707 1020 3781 ite
1037 3705 1263 3804 frequenter,
1281 3727 1382 3779 aves.

540 3886 580 3934 54.
598 3884 630 3933 Et
639 3888 742 3936 colonos
757 3905 783 3936 es
798 3888 841 3937 lac
855 3890 922 3953 illu]
948 3889 1004 3947 vet,
1054 3890 1141 3956 scripto
1147 3888 1276 3954 exemplari
1284 3889 1379 3954 legitur,
1386 3905 1505 3951 nuqua:
1522 3893 1547 3934 nl

506 3959 585 4007 sallon
594 3976 656 4010 unus
665 3961 849 4026 Morculaege:
1054 3965 1085 4014 sit
1104 3964 1160 4022 loci,
1180 3979 1227 4013 non
1246 3964 1365 4029 temporis,
1383 3961 1449 4027 qnod
1473 3959 1547 4011 semi

542 4032 573 4080 n
583 4035 661 4082 sethri
670 4051 697 4083 ss
707 4036 749 4083 tae
758 4052 805 4083 sus
812 4035 935 4102 illosum
941 4047 1004 4086 nota.
1054 4037 1201 4104 aptissimum
1218 4035 1320 4087 ridetur.
1348 4037 1464 4084 Murrus.
1487 4034 1545 4082 Nus·

508 4106 564 4164 Vel,
583 4108 660 4172 Doque
676 4111 745 4158 uelim
763 4127 809 4157 non
824 4111 1005 4176 lucillufus'su
1053 4108 1548 4174 mmmeuiimnuntaoete

507 4190 570 4229 nats.
587 4181 718 4232 Hsrusrus.
743 4182 779 4232 Es
795 4194 848 4232 notu
864 4184 1004 4235 mutandum
1054 4185 1186 4235 Hmusrns.

507 4263 615 4316 nonem
632 4255 667 4306 its
684 4257 807 4307 Petmnius
823 4267 848 4307 et
865 4258 907 4308 slii
924 4260 1005 4309 locuti.
1270 4281 1332 4293 -·

507 4327 562 4376 vide
572 4345 626 4394 qua
638 4331 770 4381 uotadmus
784 4332 815 4382 sd
831 4332 935 4383 Petronii
951 4349 1005 4399 cap.
1090 4333 1112 4381 l.
1126 4332 1240 4382 Psittacus
1252 4333 1302 4381 Eris
1312 4331 1357 4379 οἱα
1367 4330 1421 4377 milti
1432 4332 1513 4378 nisus
1521 4332 1549 4377 st

506 4399 600 4450 lxxxiii.
633 4420 706 4470 qnare
736 4406 823 4456 tectim
850 4407 1006 4473 rescripsisset
1056 4404 1121 4454 ludis
1131 4405 1242 4470 Occidit]
1267 4405 1334 4454 Hanc
1351 4403 1460 4468 megan
1471 4402 1547 4452 imita·

506 4470 627 4533 Heinsius,
639 4477 703 4541 Equo
712 4489 767 4528 sats
776 4498 821 4528 nan
831 4482 874 4529 luc
884 4482 1005 4546 illcsuuse
1054 4487 1093 4528 tus
1107 4479 1200 4530 ridetur
1214 4480 1305 4529 Statius
1323 4478 1349 4528 iu
1361 4487 1437 4527 morte
1452 4476 1547 4527 Psittaci

506 4545 581 4601 aelim,
590 4555 617 4595 ut
628 4548 740 4600 Francius
750 4551 853 4601 volabat.
1054 4553 1170 4604 Melioris.
1187 4554 1230 4604 lib.
1245 4555 1273 4603 ii.
1290 4554 1350 4602 Silr.
1363 4554 1388 4602 t.
1412 4552 1546 4601 Crorasns.

538 4619 578 4668 61.
591 4619 740 4687 Numquam]
762 4625 905 4689 Inquodatu
922 4642 1003 4676 manu·
1055 4625 1277 4678 lustramentum
1296 4628 1362 4678 ludis
1375 4629 1448 4695 probe
1463 4627 1544 4676 Putes·
