3600 5925
435 713 502 785 256
731 715 770 779 P.
795 713 957 780 OVIDII
980 703 1192 778 NASONIS

442 906 554 981 Nunc
566 905 754 979 volucrem
772 904 920 1000 laqueo,
932 925 1032 974 nunc
1046 901 1190 999 piscem
1203 902 1340 978 ducitis
1356 904 1481 983 hamc.

492 1021 657 1104 Diluitur
673 1019 796 1118 posito
813 1018 929 1092 serior
946 1018 1036 1090 hora
1052 1041 1169 1091 meru.

441 1137 513 1211 His
530 1133 621 1210 mihi
639 1138 834 1221 submotae,
853 1135 912 1208 vel
930 1135 961 1207 si
979 1134 1102 1206 minus
1120 1133 1256 1207 acriter
1271 1157 1368 1221 urar,
1437 1139 1482 1209 15

491 1252 603 1336 Quod
620 1252 766 1337 faciam,
786 1260 970 1348 superest,
990 1258 1127 1347 praeter
1144 1272 1281 1336 amare,
1301 1249 1405 1322 nihil.

440 1367 552 1453 Quod
570 1377 753 1465 superest,
773 1365 889 1439 facio:
918 1375 1045 1461 teque,
1060 1365 1083 1436 ὀ
1096 1387 1182 1437 mea
1198 1366 1279 1438 sola
1294 1365 1480 1463 voluptas,

488 1485 580 1558 Plus
594 1506 758 1582 quoque,
771 1506 886 1579 quam
899 1481 1006 1553 reddi
1017 1481 1118 1577 quod
1136 1481 1226 1553 mihi
1237 1475 1369 1579 possit,
1381 1503 1478 1554 amo.

438 1600 517 1674 Aut
534 1625 605 1697 ego
622 1607 709 1672 cum
726 1601 814 1671 care
833 1598 937 1672 dete
955 1596 1098 1670 nutrice
1116 1618 1266 1670 susurro
1281 1615 1290 1685 ;

489 1714 660 1812 Quaeque
677 1724 796 1799 tuum,
816 1712 939 1798 miror,
958 1734 1092 1785 caussa
1109 1723 1273 1786 moretur
1289 1712 1377 1787 iter:
1424 1715 1481 1785 ›20

438 1830 516 1905 Aut
534 1854 635 1903 mare
653 1828 896 1929 prospiciens
916 1827 1046 1900 odioso
1062 1828 1337 1902 concitarento

439 1993 444 1996 -
489 1945 661 2043 Corripio
678 1943 801 2016 verbis
816 1965 967 2039 aequora
984 1963 1082 2040 pene
1099 1942 1195 2017 tuis:
1249 1961 1254 1966 ’

437 2061 517 2136 Aut
533 2061 598 2135 ubi
615 2060 765 2134 saevitiae
783 2059 950 2158 paullum
968 2045 1089 2154 gravis
1106 2057 1209 2132 unda
1225 2059 1388 2133 remisit:

488 2177 606 2251 Posse
625 2178 790 2274 quidem,
810 2175 877 2249 sed
895 2186 933 2249 te
952 2175 1049 2248 nolle
1065 2174 1204 2262 venire,
1223 2198 1379 2272 queror:
1428 2179 1478 2247 24

438 2292 615 2390 Dumque
633 2317 779 2389 queror,
796 2293 958 2365 lacrimae
976 2279 1044 2389 peir
1061 2291 1225 2372 amantia
1239 2292 1381 2364 lumina
1398 2314 1478 2363 ma·

485 2407 628 2482 Pollice
643 2432 737 2505 quas
755 2409 913 2482 tremulo
931 2409 1082 2482 conscia
1099 2409 1216 2481 siccat
1228 2432 1334 2482 anus.
1356 2409 1477 2504 [nant

438 2523 549 2622 Saepe
567 2524 635 2610 tni,
655 2535 798 2623 specto,
818 2526 850 2597 si
868 2525 944 2598 sint
961 2526 999 2597 in
1016 2526 1124 2598 litore
1141 2549 1295 2622 passus:

487 2639 688 2738 Impositos
706 2651 900 2737 tamqnam
918 2653 1041 2715 servet
1058 2665 1172 2714 arena
1188 2652 1307 2715 notas.

465 2910 518 2958 Jnm
521 2911 608 2978 fulgor
616 2928 730 2959 armornm
732 2910 834 2978 sagaces
979 2902 1045 2960 Illud
1061 2916 1093 2961 sni
1111 2913 1157 2964 sols
1173 2925 1221 2961 non
1236 2911 1324 2978 placet,
1339 2909 1478 2977 etApulejo

500 2987 578 3034 Terret
588 3003 660 3050 equos,
670 2989 812 3049 equitumque
820 2988 906 3035 nullm.
979 2987 1104 3036 convenire
1120 2985 1196 3052 magis
1213 2985 1333 3035 rancidam
1348 2985 1478 3050 antiqnita-

433 3060 496 3108 Vide
504 3077 557 3125 quae
565 3060 637 3109 etiam
644 3059 724 3109 notavi
734 3059 759 3108 in
767 3062 893 3110 Observat.
905 3060 929 3108 in
979 3067 1027 3107 tem
1043 3060 1122 3119 credo,
1139 3076 1209 3124 quam
1224 3059 1321 3115 Ouidio,
1341 3072 1418 3123 neque
1434 3056 1476 3106 'li-

431 3134 592 3198 llietarnorph.
610 3134 748 3183 Crorssus.
769 3135 930 3198 Sepssscissqsss‘
978 3131 1044 3181 bullo
1052 3130 1434 3183 decoramcrediditBroukhusius
1445 3130 1477 3179 erl

432 3207 601 3256 Puteaneuset
618 3206 659 3255 alii
677 3223 723 3256 nou
738 3207 820 3273 pauci.
837 3208 928 3257 dietum
978 3204 1077 3255 laudata
1096 3205 1148 3271 ejus
1168 3206 1249 3255 Poeta
1270 3206 1351 3255 verba·
1376 3205 1431 3254 vide
1452 3213 1478 3253 el

432 3280 718 3346 adEpist.iv.vers.46.
735 3282 825 3330 Herus.
977 3276 1081 3328 Pincier.
1109 3281 1207 3343 Parerg.
1238 3279 1283 3329 lib.
1312 3278 1339 3327 ii.
1367 3295 1421 3344 esp.
1449 3280 1477 3329 2.

467 3356 503 3402 14.
516 3356 926 3421 Diluiturpositoscriorlornmero.]
978 3353 1068 3401 Busa.
1343 3352 1349 3363 '

431 3429 734 3494 Hoccsrmeneam,qnsm
744 3428 814 3478 mulo
820 3431 927 3495 exposui,
1012 3427 1051 3475 le.
1064 3426 1122 3474 Plus
1131 3442 1216 3489 quoquc
1225 3427 1385 3490 messui]
1400 3427 1476 3481 Quas·

430 3502 563 3568 opinionem
582 3502 717 3551 confirmat:
737 3518 791 3551 cum
808 3500 853 3551 hoc
868 3520 926 3568 quo-
977 3504 1043 3549 rcdds'
1059 3501 1195 3549 Puteanens
1212 3510 1237 3549 et
1256 3501 1407 3551 Basileensis.
1425 3502 1475 3550 Ve-

430 3577 671 3642 qneeRomanomm
682 3592 745 3625 more
756 3577 879 3641 perspicue
890 3577 926 3626 di.
977 3584 1053 3623 nuste.
1086 3575 1173 3622 Bunsr.

430 3661 506 3705 catur,
522 3649 563 3714 qui
573 3658 659 3698 octava
676 3649 752 3697 noctis
769 3649 827 3697 hora
841 3650 926 3715 (idque
1008 3649 1048 3697 26.
1067 3647 1161 3696 Conscia
1171 3651 1241 3698 siccat
1257 3649 1340 3714 saw]
1358 3649 1475 3699 Hslnien·

431 3722 557 3778 Martialis.
575 3738 628 3786 qua²
646 3737 717 3787 supra
731 3720 807 3787 posui,
821 3723 927 3773 carmina
976 3720 1010 3768 sis
1036 3732 1061 3771 et
1088 3720 1249 3779 lovaniensis,
1278 3723 1386 3782 Crstica3
1418 3739 1475 3773 cum

430 3811 509 3866 aperte
535 3795 668 3857 declarant)
695 3796 830 3844 coenshnnt.
862 3797 926 3846 Hinc
977 3793 1183 3852 Glossns'ssssde
1192 3795 1271 3845 Creta.
1289 3796 1336 3846 Sed
1346 3796 1475 3861 legendnm

429 3874 525 3938 rgitnra
536 3870 611 3920 Ροὲῐι
621 3870 926 3935 nostrohsrassriorappel·
975 3878 1041 3934 puto,
1054 3869 1142 3918 Trscis.
1161 3869 1196 3918 sic
1212 3869 1256 3920 lib.
1274 3871 1301 3919 ii.
1316 3870 1372 3919 Art.
1390 3870 1475 3921 Amat.

429 3949 500 3996 latur.
519 3944 591 3994 Cror.
975 3958 1018 4006 pro
1029 3943 1093 3991 Mars
1105 3943 1189 3992 Trecsn
1202 3944 1379 4007 occupaturus
1391 3943 1476 3993 Cretes

464 4024 503 4070 15.
531 4018 575 4066 His
591 4016 646 4064 mili
664 4015 791 4080 submota]
818 4017 926 4067 Submota
975 4015 1122 4065 scribebatur
1132 4026 1195 4066 ante.
1212 4017 1275 4084 apud
1287 4018 1412 4067 Horatium
1428 4018 1475 4068 lib.

428 4096 528 4144 Putean.
539 4102 564 4141 et
573 4089 634 4153 Arg.
649 4097 722 4146 recte,
735 4089 784 4138 nihi
801 4090 878 4147 malis,
889 4108 924 4140 se·
974 4088 1008 4137 iii.
1020 4090 1068 4138 Od.
1080 4092 1113 4139 ix.
1126 4107 1180 4156 qun
1190 4091 1216 4140 in
1226 4092 1330 4156 vulgatis
1339 4091 1474 4151 codicibus,

427 4181 498 4218 mota.
515 4168 604 4215 Herus.
975 4164 1044 4213 csso&
1056 4164 1134 4214 Cressa
1149 4173 1194 4222 est,
1206 4167 1266 4215 hanc
1284 4175 1377 4216 vetusta
1392 4182 1475 4217 exem·

463 4245 501 4290 17.
520 4241 574 4288 Mes
584 4240 629 4286 sols
639 4238 765 4300 tulupam]
783 4237 864 4287 Prima
873 4237 924 4286 edi·
973 4237 1049 4303 plaria
1067 4238 1181 4287 Thressam
1192 4238 1292 4289 iaciunt.
1310 4242 1375 4307 apud
1390 4242 1476 4291 Maro-

426 4315 460 4363 tio
470 4324 495 4362 et
510 4323 558 4361 tres
573 4310 704 4376 scriptioni
717 4313 773 4359 solu.
789 4309 924 4375 ἀρχαῖκῶς.
973 4327 1036 4369 nem,
1052 4328 1093 4377 pro
1105 4313 1183 4362 Oresss
1194 4331 1268 4380 genos
1279 4314 1368 4369 Plau.
1381 4314 1477 4364 Scholi-

425 4402 468 4450 pro
478 4403 535 4433 msa.
553 4393 593 4433 ant
609 4399 651 4448 pro
662 4386 726 4440 mili,
736 4394 764 4433 ut
778 4384 809 4433 sit
819 4385 922 4433 Grecis·
972 4395 1035 4435 astes
1045 4386 1135 4435 Horatii
1152 4388 1263 4453 antiquus
1273 4388 1379 4454 agnoscit
1392 4388 1477 4439 lum-

426 4472 487 4505 mus.
521 4457 559 4505 Sic
580 4455 645 4520 apud
661 4456 779 4519 Tragicos,
797 4458 816 4505 ὦ
834 4456 923 4507 τέκνον
970 4475 1027 4509 mss.
1045 4460 1175 4510 Harnsrus.

424 4547 475 4594 pos,
485 4527 586 4591 ὦγῦναι
595 4544 643 4591 μοι,
651 4537 675 4576 et
682 4528 778 4577 similia.
789 4530 920 4578 Huusrus.
