3600 5925
412 681 478 746 232
704 683 743 748 P.
768 682 930 748 OVIDII
954 681 1167 747 NASONIS

415 852 565 940 Ferrea,
584 856 696 928 crede
714 855 817 938 mihi,
832 881 907 929 non
925 880 1033 929 sum:
1061 856 1129 928 scd
1148 879 1274 929 amare
1293 879 1460 954 repugno

465 968 588 1054 Illum,
608 993 721 1066 quem
738 970 818 1043 fieri
834 972 899 1043 vix
916 981 1009 1068 puto
1025 993 1137 1068 posse
1154 994 1293 1044 meum.
1387 978 1458 1045 138

415 1081 515 1166 Quid
533 1084 704 1157 bibulum
723 1109 836 1158 curvo
853 1084 1094 1184 proscindere
1111 1085 1199 1157 litus
1218 1095 1354 1171 aratm,

466 1198 660 1298 Spemque
678 1202 786 1297 sequi
803 1225 929 1286 coner,
950 1224 1065 1299 quam
1082 1200 1186 1273 locus
1206 1201 1287 1299 ipse
1306 1202 1442 1297 neget?

416 1313 510 1387 Sum
528 1316 630 1388 rudis
648 1317 697 1389 ad
714 1315 873 1389 Veneris
891 1315 1052 1394 fuctum:
1081 1316 1263 1412 nulldque
1281 1315 1434 1389 fidelem

463 1430 532 1525 (Di
549 1432 639 1505 mihi
658 1434 733 1506 sint
749 1432 884 1527 testes)
902 1432 1060 1505 lusimus
1078 1440 1158 1504 arte
1175 1431 1307 1503 virum.

415 1544 527 1619 Nunc
553 1571 719 1645 quoquc,
739 1551 841 1646 quod
867 1551 983 1623 tacito
1009 1548 1146 1621 mando
1173 1570 1259 1620 mea
1275 1548 1391 1621 verba
1415 1548 1459 1621 li-

465 1663 648 1760 Fungu'tur
664 1666 785 1739 officio
802 1667 912 1739 litera
928 1674 1056 1738 nostra
1072 1687 1180 1737 novo.
1330 1663 1458 1758 [bello,

415 1778 573 1867 Felices,
586 1780 724 1877 quibus
739 1806 830 1855 usus
845 1781 972 1855 adest!
992 1804 1075 1876 ego,
1090 1779 1219 1858 nescia
1235 1801 1371 1864 rerum,
1390 1782 1460 1852 145

466 1894 666 1970 Difficilem
684 1897 806 1996 culpae
825 1899 996 1996 suspicor
1012 1920 1096 1970 esse
1113 1896 1225 1968 viam.

415 2009 505 2109 Ipse
523 2013 622 2085 malo
635 2024 758 2088 metus
777 2025 848 2087 est.
871 2015 951 2109 jam
969 2035 1067 2085 nunc
1086 2010 1304 2096 confundor,
1324 2019 1364 2082 et
1380 2033 1459 2082 om·

466 2125 511 2199 In
530 2128 665 2200 nostris
682 2130 811 2201 oculos
827 2128 992 2201 vultibus
1011 2150 1095 2200 esse
1113 2150 1206 2199 reor.
1375 2125 1459 2219 [nes

415 2241 499 2314 Nec
518 2267 600 2314 reor
617 2243 687 2315 hoc
706 2243 812 2316 salso.
841 2243 943 2315 sensi
961 2243 1060 2315 mala
1076 2265 1266 2313 murmura
1282 2240 1406 2336 vulgi:

465 2355 516 2429 Et
532 2357 717 2453 quasdam
734 2382 845 2430 voces
864 2357 991 2430 retulit
1008 2356 1140 2429 AEthra
1156 2356 1260 2428 mihi.
1390 2357 1461 2426 150

414 2473 467 2546 At
484 2483 525 2545 tu
543 2471 758 2546 dissimula:
788 2473 859 2544 nisi
877 2473 909 2544 si
927 2472 1109 2544 desistere
1127 2470 1257 2543 mavis.

466 2587 544 2661 Sed
562 2612 630 2662 cur
646 2588 833 2661 desistas?
860 2587 1095 2661 dissimulare
1113 2595 1233 2683 potes.

415 2703 533 2790 Lude,
552 2705 619 2777 sed
638 2705 797 2778 occulte.
829 2708 959 2802 major,
978 2726 1052 2775 non
1070 2701 1248 2787 maxima,
1267 2700 1377 2773 uobis

466 2818 537 2892 Est
553 2820 642 2892 data
659 2820 824 2906 libertas,
843 2820 946 2917 quod
965 2816 1163 2890 Menelaus
1181 2817 1302 2888 abest.

416 2934 485 3008 Ille
503 2933 657 3032 quidem
675 2936 807 3033 procul
823 2944 893 3021 est,
915 2934 967 3007 ita
984 2957 1023 3007 re
1042 2940 1214 3028 cogente,
1233 2931 1441 3030 profectus.

466 3049 609 3146 Magna
625 3050 695 3124 suit
712 3051 846 3124 subitae
860 3053 1041 3148 justaque
1059 3071 1194 3121 caussa
1210 3046 1279 3119 viae
1296 3075 1306 3135 ;
1390 3051 1461 3121 156

448 3250 503 3297 139.
521 3248 692 3311 Prouinciam]
711 3250 782 3296 MSS.
792 3246 913 3298 Oxonien-
998 3247 1052 3295 154.
1065 3245 1111 3301 ‚Eut
1128 3248 1183 3293 duta
1200 3245 1300 3299 libertus,
1310 3246 1369 3306 quud
1383 3243 1465 3292 Macc-

413 3322 446 3370 sis
456 3331 481 3371 et
491 3322 570 3387 plures
580 3321 630 3379 alii,
639 3325 774 3387 pmfindere,
785 3330 861 3371 recte:
878 3321 913 3370 sie
963 3322 1014 3368 lam
1024 3319 1108 3382 adem]
1128 3320 1185 3367 Erat
1200 3317 1263 3366 enim
1280 3316 1305 3365 in
1315 3316 1396 3373 Creta,
1407 3333 1463 3365 cum

413 3397 476 3445 Stat.
484 3395 562 3444 Theb.
574 3413 599 3443 1.
611 3396 668 3444 507.
686 3412 716 3444 ex
725 3397 796 3444 MSS.
809 3393 912 3451 Behotii,
962 3393 1057 3442 Helena
1073 3409 1088 3440 a
1098 3392 1184 3441 Paride
1201 3393 1301 3456 abrepta
1311 3400 1356 3439 est.
1390 3390 1463 3441 cotu-

413 3469 455 3534 qui
463 3470 717 3535 prqsundunthabent:
963 3467 1070 3515 thussub
1081 3466 1152 3514 finem
1163 3465 1194 3514 de
1205 3464 1287 3529 Raptu
1298 3463 1412 3512 Helena:

446 3542 588 3606 Profindunt
599 3548 691 3591 inarata
707 3546 749 3592 diu
759 3544 912 3607 Pangaeuju·
994 3540 1087 3605 Ἠφίαι
1097 3540 1193 3604 ὄρνιθες
1209 3538 1317 3604 εὓπτιρα
1330 3537 1405 3588 τέκνα
1424 3555 1464 3605 γε·

477 3620 552 3666 venci.
1027 3612 1116 3673 νέθλης

415 3689 463 3741 Ubi
473 3692 544 3741 MSS.
574 3690 822 3754 muhammat.
832 3688 912 3753 vulgo,
989 3686 1095 3738 ’Βστετε
1114 3685 1286 3746 νοστήσαντες
1302 3684 1346 3733 ἐπὶ
1355 3684 1464 3748 Κρήτην

410 3764 572 3830 pttfringunt.
1028 3758 1157 3823 Μενελάῳ.

448 3840 502 3888 151.
520 3838 573 3887 Nisi
588 3842 607 3887 εἰ
617 3841 722 3887 desistere
736 3836 827 3899 mauu]
846 3836 912 3885 libri
962 3835 993 3882 Et
1002 3834 1053 3900 ipsc
1062 3834 1106 3884 lib.
1117 3832 1143 3881 ii.
1154 3833 1193 3882 De
1203 3831 1322 3881 remedio:
1420 3889 1427 3904 ι

413 3919 505 3961 veteres
514 3908 603 3976 mag'na
612 3928 641 3960 ex
659 3919 733 3976 parte,
744 3913 789 3958 nisi
807 3920 840 3958 tu.
858 3908 909 3968 alii,
995 3908 1059 3962 Quid
1070 3908 1176 3956 Menctu'c'
1185 3906 1261 3955 aaut
1282 3907 1331 3953 tta
1347 3906 1396 3953 sinc
1410 3921 1467 3953 cuu-

413 3988 458 4033 m'si
469 3989 528 4043 teni
543 4004 596 4043 nou,
608 3988 652 4034 nisi
662 4002 705 4039 mc,
717 3988 761 4032 nisi
771 3987 833 4046 jum.
845 3983 911 4033 etsi·
1050 3985 1112 4046 juge
1125 3980 1217 4035 Creten,

413 4059 487 4108 milia.
508 4059 543 4108 At
551 4060 686 4109 Puteaneus
695 4057 798 4122 vulgatis
808 4057 911 4107 aceedit.
1028 4055 1240 4116 Etpcterucnuptu
1251 4052 1467 4100 mutabam?

414 4141 487 4182 recte.
522 4133 583 4182 Vide
595 4131 798 4197 NotusadEpist.
809 4131 841 4179 iv.
851 4146 912 4179 vers.
1357 4125 1431 4174 Ccor.

413 4206 449 4254 iii.
468 4208 599 4255 Haustus.
633 4208 777 4263 Douza,nisi
788 4216 912 4263 te‚exsuo
997 4202 1050 4249 156.
1063 4199 1223 4263 causacum]
1237 4197 1468 4249 JoannaAntioch.

414 4280 486 4327 etiam
497 4278 578 4329 codice
590 4281 687 4346 antiquo
697 4280 787 4329 dictum
793 4278 911 4343 capiebat,
961 4275 1022 4324 inter
1032 4284 1139 4340 excerpt.
1150 4272 1241 4324 vuenti
1260 4289 1316 4339 pag.
1328 4273 1387 4321 785.
1404 4270 1467 4321 dicit

413 4360 442 4399 ut
451 4353 542 4399 solome
556 4357 653 4403 amaria
669 4358 738 4411 mein
757 4355 804 4409 Qui
819 4356 912 4401 student
961 4366 1016 4399 eum
1043 4349 1074 4398 ad
1097 4365 1165 4399 sacra
1186 4347 1297 4397 facienda
1321 4345 1467 4410 protectum.

413 4426 613 4485 sepraesture,&c.
962 4424 1093 4474 Humum.
1121 4422 1169 4473 Sed
1180 4418 1468 4479 diadematum·
