3600 5925
475 743 555 808 lut.
768 742 817 807 Ρ.’
830 740 994 808 ov1u11
1016 739 1245 809 NASONIS.

477 914 624 991 Palleat
639 917 760 989 omnis
778 938 927 991 amaris:
954 915 1014 989 hio
1032 925 1092 990 est
1107 916 1210 991 color
1226 927 1341 1016 aptus*
1356 918 1505 992 amanti.

527 1031 602 1106 Hie
620 1032 747 1108 decet:
775 1033 849 1107 hoc
864 1031 969 1105 vultu
984 1055 1059 1105 nou
1076 1032 1239 1106 valuisse
1256 1044 1402 1131 putent.
1447 1038 1519 1108 730

478 1148 648 1223 Pallidus
666 1149 704 1221 in
723 1146 857 1247 Lyrice
874 1147 990 1246 sylvis
1007 1148 1156 1222 errabat
1174 1147 1309 1224 Orion:

529 1263 699 1339 Pallidus
715 1265 755 1339 in
772 1265 875 1339 lentd
894 1263 932 1337 N
934 1264 1019 1338 aide
1038 1264 1210 1363 Daphnis
1227 1276 1319 1339 erat,

478 1381 624 1478 Arguat
640 1391 680 1456 et
695 1382 835 1457 macies
853 1383 1037 1456 animum:
1066 1404 1137 1456 nec
1154 1392 1264 1478 turpe
1282 1380 1438 1479 putaris,

528 1495 727 1571 Palliolum
744 1497 871 1571 nitidis
889 1496 1114 1594 imposuisse
1130 1496 1261 1569 comis.

477 1614 685 1689 Attenuant
696 1614 876 1711 juvenum
893 1611 1055 1708 vigilatae
1074 1634 1230 1708 corpora
1245 1622 1393 1700 noctes3
1445 1615 1517 1685 735

529 1729 719 1826 Curaque,
737 1738 777 1801 et
793 1751 815 1801 e
831 1749 969 1823 magno
986 1727 1051 1824 qui
1069 1726 1112 1799 fit
1129 1750 1266 1813 amore,
1284 1727 1402 1801 dolor.

480 1844 534 1919 Ut
549 1854 637 1918 voto
654 1843 798 1942 potiare
815 1855 892 1930 tuo,
912 1843 1136 1917 miserabilis
1153 1855 1252 1917 esto:

528 1958 595 2047 Ut,
614 1960 734 2057 quite
751 1960 888 2047 videat,
908 1959 1034 2034 dicere
1051 1960 1183 2058 possit,
1202 1960 1331 2034 Amas.

478 2076 710 2173 Conquerar,
719 2098 767 2148 an
776 2098 961 2162 moneam,
969 2074 1517 2172 mixtumfasomnenefasque?

527 2191 677 2266 Nomen
693 2191 858 2265 amicitia
872 2202 943 2278 est,
959 2215 1096 2266 nomen
1112 2192 1224 2267 inane
1239 2191 1346 2265 fides.
1445 2195 1517 2263 740

477 2306 552 2383 Hei
562 2308 670 2381 mihil
689 2333 765 2382 non
774 2318 897 2382 tutum
904 2318 964 2382 est
975 2309 1077 2406 quod
1088 2332 1204 2395 ames,
1213 2308 1366 2382 laudare
1378 2306 1515 2380 sodali:

527 2424 627 2497 Cum
645 2425 712 2497 tihi
729 2425 898 2498 laudanti
916 2422 1086 2509 credidit,
1106 2424 1188 2522 ipse
1205 2423 1319 2496 subit.

477 2540 529 2614 At
546 2563 621 2613 non
638 2539 836 2614 Actorides
853 2541 995 2615 lectum
1011 2541 1207 2614 temeravit
1223 2538 1397 2613 Achillis:

526 2654 718 2740 Quantum
736 2656 784 2730 ad
801 2655 1025 2744 Pirithoum,
1045 2656 1207 2731 Phaedra
1222 2655 1362 2756 pudica
1376 2653 1459 2728 fuit.

476 2769 719 2845 Hermionam
727 2769 905 2871 Pylades,
914 2797 990 2870 quo
998 2772 1154 2846 Pallada
1161 2770 1519 2857 Phoehus,amabat:

528 2886 716 2986 Quodque
728 2887 797 2961 tibi
808 2887 992 2986 geminus,
1004 2887 1182 2988 Tyndari,
1196 2886 1331 2960 Castor
1341 2896 1433 2959 erat.
1446 2888 1518 2958 746

479 3005 521 3078 Si
540 3005 626 3102 quis
645 3005 744 3079 idem
762 3014 905 3106 sperat3
930 3007 1098 3102 jacturas
1115 3028 1229 3105 poma
1243 3002 1406 3101 myricas

529 3119 682 3218 Speret:
711 3131 750 3195 et
766 3122 805 3195 in
824 3121 949 3197 medio
965 3122 1119 3196 flumine
1136 3121 1249 3197 mella
1263 3129 1381 3218 petat.

478 3235 554 3321 Nil,
566 3234 637 3307 nisi
650 3244 760 3333 turpe
772 3239 896 3335 juvat:
916 3263 1016 3313 ourae
1029 3249 1087 3313 est
1104 3237 1320 3333 suacuique
1333 3235 1517 3333 voluptas.

527 3348 622 3423 Haec
639 3374 793 3449 quoque
811 3355 859 3427 ab
877 3354 1031 3429 alterius
1049 3364 1155 3451 grata
1171 3353 1298 3427 dolore
1316 3350 1428 3425 venit.
1445 3355 1519 3425 750

509 3537 568 3587 730.
586 3536 721 3586 Hoodssst:
738 3538 778 3587 hot
795 3539 973 3589 mdtinonoo·
1022 3540 1062 3589 Do
1079 3540 1163 3605 Lyris·
1179 3537 1238 3588 nihil
1256 3536 1343 3602 legisse
1359 3550 1398 3585 me
1413 3535 1520 3585 memini.

477 3614 543 3662 roim
551 3612 657 3676 parona]
676 3611 760 3662 Forte:
1022 3613 1152 3663 Harusros.
1185 3611 1323 3661 Parrhasius
1343 3608 1374 3659 id
1391 3608 1520 3659 Claudiani

510 3686 557 3735 Hie
575 3688 648 3742 deut,
667 3686 707 3734 hoo
727 3687 796 3736 uultu
813 3702 858 3735 m
876 3688 974 3736 uolnus·
1022 3686 1066 3737 lib.
1078 3686 1105 3736 ii.
1116 3686 1147 3737 de
1158 3687 1234 3753 Rapt.
1246 3701 1307 3735 vars.
1319 3683 1456 3749 lentem:

539 3768 630 3822 puteat·
1056 3761 1165 3810 Pallidus
1190 3764 1216 3810 ἰιι
1237 3761 1325 3824 lym
1344 3759 1410 3807 siluis
1430 3759 1521 3807 molat

476 3832 513 3882 Er
523 3832 569 3881 hoo
576 3832 644 3882 vultu
654 3831 767 3898 eolligunt
777 3848 806 3883 ae
815 3833 973 3899 peruradean-
1089 3833 1170 3882 Orion.

476 3915 515 3955 tur
533 3904 619 3971 puello
634 3914 658 3954 te
675 3920 722 3955 non
739 3906 827 3964 valere,
842 3917 866 3956 et
884 3923 973 3972 agrum
1022 3906 1170 3973 Etupooit,
1182 3921 1237 3956 enm
1251 3904 1337 3954 Dim
1355 3919 1519 3954 namurens-

476 3993 528 4027 ειη
539 3993 587 4043 pro
597 3978 670 4028 nimio
679 3978 716 4028 sni
727 3994 814 4029 amore.
847 3980 940 4030 Huius.
1023 3988 1094 4037 retur,
1105 3978 1179 4045 ipsios
1187 3978 1246 4028 1>ae
1256 3992 1314 4027 cora
1323 3978 1473 4043 carpebatur.
1489 3976 1521 4025 de

510 4052 567 4101 ⁷31.
583 4052 691 4102 Pallidus
705 4056 732 4102 in
742 4054 843 4118 Lysim
859 4056 974 4118 qoam
1023 4052 1151 4118 Daphnide
1169 4067 1263 4118 qnoque
1280 4050 1386 4099 fabulam
1404 4050 1520 4115 expient.

476 4127 543 4173 rotat
554 4125 650 4189 Orion]
663 4125 721 4175 Noti
732 4126 973 4177 mntAmorasOrio·
1023 4127 1111 4176 Bonrr.

477 4198 523 4256 nir,
530 4198 571 4264 qui
579 4198 717 4264 OEnopionir
725 4199 799 4250 filiam
808 4199 899 4265 perdito
908 4216 974 4251 arna·
1055 4199 1114 4250 7³⁴.
1132 4198 1244 4247 Pilsolun
1254 4198 1334 4246 nitidis
1346 4199 1474 4261 aponius
1484 4215 1521 4246 oo·

478 4271 517 4328 rit,
529 4287 600 4338 quam
611 4273 726 4340 Meropen
736 4273 786 4333 alii,
797 4274 974 4324 Partheniusin
1023 4274 1089 4338 aa]
1109 4273 1235 4322 Pautua·
1254 4271 1355 4321 melioria
1374 4280 1436 4321 nota
1456 4272 1521 4321 libri.

476 4344 578 4393 Erotion
584 4360 638 4410 cup.
648 4362 689 4395 xr.
722 4347 915 4413 Haroappellst.
932 4348 974 4399 sed
1024 4363 1068 4396 nec
1085 4346 1192 4404 dulium,
1210 4345 1268 4413 quin
1286 4355 1358 4395 recte.
1390 4346 1440 4404 Qui
1457 4346 1521 4395 enim

477 4426 502 4463 st
514 4416 568 4466 Side
579 4418 659 4467 Danti
673 4418 723 4468 filia
740 4421 772 4471 ab
789 4420 894 4486 antiquis
910 4437 974 4470 com·
1024 4421 1121 4471 infirma
1132 4420 1274 4471 raimodinh
1281 4428 1359 4478 erant,
1368 4420 1522 4488 palliolisob·

477 4498 628 4546 memoratur,
642 4507 696 4556 qun
715 4492 799 4544 Orioni
816 4494 933 4559 nupserit,
950 4504 975 4544 et
1024 4494 1236 4560 nubebantoapnt.
1270 4493 1362 4544 linas.

476 4559 538 4610 Sido
555 4559 646 4611 civitati
655 4565 755 4616 Boeoos
769 4583 855 4618 nomen
872 4566 974 4618 dederit.
