3600 5925
449 765 514 828 244
741 763 779 828 P.
805 764 967 830 OVIDII
990 764 1205 832 NASONIS

451 937 560 1011 Vana
576 947 676 1035 peto,
695 938 949 1035 precibusque
968 940 1061 1013 meis
1079 941 1336 1016 obmurmurat
1352 944 1452 1042 ipse:

500 1053 681 1149 Quasque
699 1054 832 1150 quatit,
851 1053 956 1126 nulla
973 1065 1080 1151 parte
1098 1056 1246 1130 coercet
1262 1081 1392 1154 aquas.

452 1168 564 1241 Nunc
582 1170 689 1242 daret
706 1169 868 1243 audaces
886 1170 1030 1243 utinam
1047 1170 1138 1243 mihi
1157 1170 1337 1246 Daedalus
1355 1174 1449 1247 alas!

501 1284 662 1358 Icarium
676 1285 846 1381 quamvis
864 1284 926 1357 hic
943 1308 1061 1382 prope
1078 1285 1167 1358 litus
1184 1287 1304 1361 adest.
1442 1293 1496 1362 50

451 1400 646 1498 Quidquid
657 1412 748 1488 erat,
764 1403 905 1498 patiar:
925 1401 1039 1474 liceat
1052 1402 1164 1474 modo
1178 1426 1315 1500 corpus
1329 1404 1493 1479 inauras

498 1515 663 1603 Tollere;
691 1516 793 1612 quod
811 1516 929 1589 dubia
947 1540 1050 1614 saepe
1068 1518 1251 1615 pependit
1266 1519 1377 1615 aqud.

451 1630 611 1717 Interea,
630 1632 722 1704 dum
741 1641 880 1705 cuncta
896 1642 1037 1728 negant
1052 1633 1231 1730 ventique
1248 1633 1473 1731 fretumque,

500 1747 632 1821 Mente
650 1748 750 1843 agito
768 1747 854 1822 furti
872 1758 1044 1847 tempora
1060 1749 1182 1846 prima
1198 1751 1284 1821 mei.
1324 1755 1329 1762 '

451 1861 538 1935 Nox
546 1873 627 1936 erat
636 1862 818 1961 incipiens
826 1863 1008 1961 (namque
1015 1864 1492 1963 estmeminissevoluptas)

500 1978 599 2052 Cum
616 1978 758 2052 foribus
775 1980 906 2079 patriis
924 1980 1144 2076 egrediebar
1160 2005 1303 2054 amans.
1439 1985 1490 2055 56

449 2094 485 2166 N
488 2119 532 2168 ec
550 2118 666 2179 mora,
685 2096 858 2194 deposito
875 2098 1015 2195 pariter
1032 2121 1118 2170 cum
1136 2108 1241 2172 veste
1257 2098 1403 2184 timore,

498 2209 522 2281 J
524 2211 696 2284 octabam
714 2210 858 2307 liquido
875 2212 1031 2286 brachia
1047 2213 1149 2287 lenta
1166 2213 1271 2287 mari.

449 2324 555 2399 Luna
570 2325 647 2400 fere
663 2329 864 2400 tremulum
883 2331 1078 2427 praebebat
1091 2328 1217 2403 lumen
1235 2328 1351 2414 eunti,

498 2440 552 2514 Ut
569 2465 695 2515 comes
713 2442 751 2514 in
770 2454 916 2516 nostras
934 2444 1100 2518 officiosa
1116 2445 1207 2518 vias.
1438 2445 1491 2516 60

448 2554 557 2629 Hanc
575 2580 646 2653 ego
664 2556 886 2656 suspiciens,
904 2559 1059 2646 Faveas,
1080 2560 1164 2635 Dea
1181 2555 1353 2646 candida,
1366 2558 1469 2647 dixi3

498 2671 549 2745 Et
565 2674 726 2747 subeant
742 2675 867 2748 animo
886 2675 1034 2751 Latmia
1050 2700 1143 2750 saxa
1159 2687 1237 2750 tuo.

448 2786 484 2860 N
487 2813 535 2861 on
553 2787 651 2862 sinat
669 2787 883 2886 Endymion
901 2804 939 2865 te
957 2795 1119 2890 pectoris
1137 2816 1220 2865 esse
1239 2789 1372 2863 severi.

498 2903 637 2991 Flecte,
655 2927 801 3003 precor,
818 2906 943 2981 vultus
961 2907 1009 2981 ad
1026 2930 1112 2983 mea
1124 2906 1222 2982 furta
1238 2916 1337 2980 tuos.

446 3179 543 3243 Ulysscs
559 3179 624 3226 venit
640 3177 701 3226 inter
718 3179 885 3243 navigandum,
897 3181 939 3245 qui
989 3181 1055 3230 Infra
1065 3180 1173 3248 Epistola
1180 3177 1265 3235 Herba,
1276 3178 1368 3226 Annuit
1378 3173 1489 3239 illusere.

445 3251 521 3300 ventis
537 3251 678 3317 imperabat.
696 3250 727 3301 de
746 3268 794 3316 quo
812 3253 895 3301 eodem
914 3262 940 3303 et
990 3255 1121 3305 Harrsrus.
1143 3254 1282 3317 Lamsreto
1291 3252 1381 3300 Sebott.
1393 3249 1422 3298 ii.
1432 3250 1490 3298 oba.

444 3324 482 3373 hic
499 3324 594 3373 dicitur.
628 3324 736 3373 Alterum
751 3336 831 3374 autern
848 3336 939 3391 patrem
989 3333 1032 3379 55.

443 3398 572 3454 Salmonei,
580 3398 684 3453 Crethei,
694 3399 938 3464 Sisyphiritbauran-
1021 3404 1063 3451 60.
1091 3401 1120 3449 In
1141 3400 1250 3464 nostrat]
1278 3395 1438 3451 Balliolemia,
1461 3397 1509 3443 in·

443 3471 474 3521 tis
484 3480 509 3519 et
521 3480 659 3527 ceterorum,
670 3472 700 3521 de
711 3474 797 3536 quibus
811 3474 899 3538 passim
914 3475 939 3523 in
988 3488 1071 3533 maus,
1081 3492 1128 3524 non
1139 3475 1248 3524 abunde.
1259 3473 1309 3523 vid.
1320 3471 1351 3520 ad
1361 3470 1394 3519 iii.
1405 3469 1492 3520 Amor.

444 3545 531 3595 sabulis
541 3546 629 3595 mentio
639 3546 672 3594 fit.
705 3547 801 3595 Mrcrn.
988 3550 1055 3598 tto.
1072 3547 1487 3613 iusspaaseq.16⁴.vmaque.

477 3621 518 3669 57.
539 3618 650 3682 Timore]
677 3620 767 3668 Pudore
786 3620 939 3669 Basileensis.
989 3622 1220 3673 anticaudae.
1350 3674 1356 3681 ⁶

445 3693 561 3748 Scriverii,
568 3696 639 3755 potito
646 3711 697 3741 cum
707 3705 780 3742 mente
788 3697 881 3756 more.
890 3695 939 3742 vid.
1022 3699 1179 3758 Ancipitesque
1188 3698 1237 3743 vict
1246 3704 1268 3742 et
1279 3697 1324 3742 iter
1333 3692 1429 3740 Titania
1436 3708 1488 3740 m·

446 3769 477 3817 ad
488 3767 565 3833 Epist.
576 3766 679 3831 praced.
690 3768 748 3816 259.
780 3767 878 3816 Librarii
888 3783 939 3815 cor·
1055 3779 1103 3817 tam
1115 3768 1223 3817 Dixerat.
1364 3766 1455 3814 Burri.

445 3840 938 3907 mpenrutbunclocurn,quiavulgojttc·
1022 3843 1062 3891 62.
1081 3840 1183 3904 Anima]
1211 3839 1365 3889 lonniemis
1389 3846 1414 3886 et
1439 3848 1490 3887 tm

443 3918 539 3965 tabatnr
570 3912 630 3962 illud
663 3913 846 3977 Pythagoricum
874 3913 939 3976 (vid.
990 3915 1039 3972 alii,
1060 3918 1145 3963 animoa
1166 3925 1224 3963 taor.
1246 3912 1355 3978 quamvis
1375 3911 1438 3960 enim
1456 3927 1487 3959 n·

444 3991 523 4038 Laert.
533 3987 583 4037 viii.
595 3987 712 4047 ⁴³.)cnnr
721 3986 886 4037 vestitatem
897 4004 938 4037 ve·
989 3999 1098 4053 trumque
1115 3998 1178 4038 recte
1195 3989 1303 4046 dicatum
1322 3986 1383 4051 (vid.
1394 3986 1425 4035 ad
1442 3987 1489 4052 Ep.

444 4061 580 4110 recundiam
607 4060 748 4126 ponendam,
771 4077 873 4126 cumque
892 4062 940 4110 iilis
989 4061 1021 4110 iv.
1036 4062 1092 4123 23.)
1104 4062 1214 4112 usitatius
1229 4072 1376 4110 tamencum
1390 4075 1489 4109 accusa·

445 4134 624 4192 resumendam
641 4134 671 4183 ad
688 4149 741 4199 quae
759 4142 784 4182 et
800 4136 887 4184 Noster
903 4151 939 4183 re·
990 4136 1039 4184 tivo
1048 4136 1107 4186 dicit
1122 4138 1191 4186 Serv.
1203 4136 1234 4185 ad
1246 4136 1313 4201 Virg.
1323 4134 1373 4183 viii.
1390 4133 1490 4185 AEneid.

444 4209 522 4272 sperit
532 4208 575 4257 lib.
587 4208 622 4256 iii.
630 4208 712 4257 Amor.
724 4207 775 4256 xiii.
788 4210 825 4258 18.
838 4217 862 4257 et
870 4225 939 4274 seqq.
993 4210 1048 4258 125.
1058 4210 1093 4258 sio
1104 4210 1173 4275 Virg.
1185 4227 1208 4258 x.
1220 4211 1276 4258 824.

445 4281 494 4327 vid.
506 4290 531 4328 et
541 4281 633 4329 Schott.
645 4281 675 4329 ad
686 4280 770 4330 Aurei.
783 4282 874 4331 Victor.
885 4283 939 4331 Ca·
1022 4283 1123 4331 Mentem
1133 4286 1300 4346 rubiitpietatt'r
1309 4286 1390 4348 imago.

444 4353 616 4415 aar.cap.xxi.
651 4355 739 4403 Bunu.
990 4355 1136 4405 “huniam
1154 4367 1258 4407 montem
1273 4357 1389 4421 designat,
1404 4355 1490 4423 Endy-

477 4424 518 4471 59.
543 4424 612 4472 Luna
633 4430 687 4475 mihi
714 4429 836 4476 armatum
864 4430 939 4476 tomen
989 4427 1491 4487 mionisaLuna,utserunt‚adamati,ft·

443 4495 552 4557 ρναὸσὸαε
561 4498 646 4560 matt]
666 4499 794 4563 Lonafera
805 4499 940 4550 Puteaneus
989 4502 1045 4551 buia
1056 4502 1186 4553 nobilem.”
1207 4506 1269 4555 Met
1278 4505 1293 4552 i.
1307 4504 1345 4552 17.

444 4578 469 4618 et
479 4566 519 4617 ahi
528 4567 611 4629 multi,
627 4571 743 4635 quomodo
754 4588 816 4639 repe
827 4575 937 4623 Ovidius.
