3600 5925
589 749 851 818 HEROIDES.
874 749 946 817 ΕΡ.
966 751 1069 819 xvl.
1283 757 1351 824 223

304 926 409 1002 Neve
427 935 552 1024 putes,
568 948 642 998 non
654 947 728 1008 me,
740 923 811 996 nisi
825 924 1008 1010 cominus,
1023 949 1107 1000 esse
1119 926 1345 1004 timendum:

353 1042 499 1139 Figitur
516 1040 555 1112 in
568 1041 676 1136 jusso
694 1049 822 1113 nostra
838 1041 976 1136 sagitta
992 1042 1088 1115 loco.

302 1156 406 1229 Num
423 1167 532 1254 potes
550 1155 631 1227 haec
649 1154 702 1225 iili
720 1154 849 1252 primae
867 1156 958 1230 dare
975 1156 1074 1231 sacta
1086 1159 1278 1254 juventaei

353 1271 544 1345 Instruere
562 1269 721 1344 Atriden
740 1294 829 1344 num
846 1281 956 1369 potes
974 1282 1054 1346 arte
1072 1273 1182 1347 meti

303 1386 443 1460 Omnia
452 1388 483 1460 si
496 1386 663 1472 dederis3
685 1386 867 1483 numquid
878 1387 986 1460 dabis
998 1386 1164 1462 Hectora
1173 1387 1348 1465 fratrem?

354 1501 461 1574 Unus
480 1502 511 1575 is
529 1502 712 1575 innumeri
730 1502 857 1576 militis
875 1502 992 1577 instar
1009 1504 1136 1578 habet.
1272 1510 1346 1581 366

303 1616 404 1701 Quid
421 1618 578 1702 valeam,
597 1617 743 1691 nescis:
772 1628 811 1691 et
826 1626 865 1691 te
882 1641 969 1691 mea
984 1619 1117 1691 robora
1133 1618 1277 1693 fallunt.

353 1731 522 1830 Ignoras,
542 1733 603 1805 cui
622 1732 674 1804 sis
692 1743 812 1832 nupta
827 1732 953 1807 futura
968 1733 1060 1806 viro.

301 1844 380 1918 Aut
398 1845 511 1943 igitur
528 1846 629 1919 nulio
646 1847 736 1920 belli
754 1848 922 1946 repetere
938 1848 1125 1923 tumultu:

351 1959 431 2034 Aut
446 1962 584 2035 cedent
601 1960 716 2035 Marti
735 1962 875 2035 Dorica
891 1974 1019 2036 eastra
1035 1987 1132 2036 meo.
1273 1966 1348 2036 370

303 2074 386 2149 Nec
405 2087 531 2150 tamen
548 2077 720 2173 indigner
737 2103 804 2176 pro
821 2079 927 2153 tanti
944 2103 1092 2153 sumere
1109 2079 1247 2153 ferrum

353 2190 543 2287 Conjuge3
573 2202 763 2266 certamen
781 2194 937 2290 praemia
953 2217 1091 2290 magna
1107 2203 1271 2266 movent.

300 2302 358 2375 Tu
376 2328 541 2403 quoque,
561 2306 592 2377 si
610 2305 658 2380 de
674 2316 714 2380 te
731 2316 833 2380 totus
851 2308 1087 2382 contenderit
1103 2307 1218 2393 orbiu

351 2418 388 2491 N
389 2443 500 2494 omen
518 2421 566 2493 ab
584 2422 724 2494 aetemt
740 2422 961 2518 posteritate
978 2421 1089 2496 seres.

304 2534 382 2632 Spe
399 2536 511 2608 modo
529 2559 605 2609 non
621 2536 765 2624 timida,
786 2537 856 2610 Dis
872 2538 961 2611 hinc
980 2560 1133 2635 egressa
1149 2535 1337 2619 secundiS,

352 2647 475 2746 Exige
491 2673 580 2724 cum
596 2650 709 2748 pleni
725 2676 881 2725 munera
897 2664 1012 2751 pacta
1026 2652 1114 2725 fide.
1273 2654 1346 2723 376

334 2880 394 2928 362.
422 2878 452 2927 in
473 2879 563 2943 jum]
592 2879 740 2930 Claudianus
765 2880 800 2930 iv.
882 2883 941 2932 371.
960 2882 1213 2946 Numerindignae
1225 2896 1267 2942 pro
1281 2888 1348 2929 tantu

301 2953 376 3004 Com.
387 2953 451 3003 Heu.
461 2954 520 3004 529.
850 2972 937 3006 summ
952 2957 1036 3005 beilum
1051 2953 1174 3020 Coniuge]
1192 2953 1286 3002 Sumere
1298 2953 1348 3016 fer-

333 3054 464 3066 -—
476 3029 582 3092 certique
590 3031 674 3091 petitor
850 3045 903 3077 mm
914 3030 1049 3078 Puteaneus
1059 3028 1162 3078 etmulti
1173 3026 1224 3076 alii.
1241 3041 1286 3075 nee
1296 3026 1349 3075 vul·

370 3101 483 3166 Vulneris,
501 3111 524 3151 et
533 3105 626 3165 jurum
642 3105 736 3151 mentiri
752 3120 803 3152 ner·
852 3115 934 3159 unium
953 3119 1041 3153 tunm
1055 3104 1140 3153 belim
1160 3110 1248 3149 temere
1268 3109 1349 3151 tamen

397 3178 536 3225 citeriorum.
678 3175 768 3224 Burri.
851 3175 1021 3225 damnandum.
1038 3175 1111 3225 silius
1119 3174 1163 3224 lib.
1175 3173 1191 3222 i.
1202 3174 1261 3222 2⁷2.

335 3248 391 3296 ³66.
409 3248 630 3297 Unusiu'nnumeri
639 3250 802 3297 miiitum
884 3249 995 3313 Bellaque
1018 3258 1092 3298 rumtu
1112 3253 1161 3298 uiro
1181 3249 1234 3296 tritt
1258 3250 1350 3310 majoris

301 3321 370 3385 erit]
388 3321 469 3386 lunge
478 3321 611 3385 elegantius
625 3322 801 3372 insexcodici·
914 3340 997 3372 rmore.

303 3394 356 3449 bur,
367 3398 440 3442 iratur
454 3397 527 3444 tutet.
553 3395 686 3445 Herrrmr.
720 3395 800 3444 Cicer.
849 3395 931 3445 Scribe
941 3404 1063 3461 preterea,
1076 3392 1125 3442 Nee
1142 3402 1217 3443 tunm
1231 3396 1348 3460 indigue.

302 3466 339 3514 iii.
350 3467 380 3515 de
391 3468 433 3516 Oi.
444 3469 470 3517 3.
505 3469 586 3516 Omrriu
603 3486 630 3517 er
644 3471 719 3517 altera
734 3479 801 3531 purte
849 3484 879 3517 ne
890 3468 999 3534 indigner
1015 3483 1059 3535 pro
1075 3477 1100 3516 te
1115 3483 1220 3533 pugnare
1230 3468 1288 3517 iacit
1303 3483 1347 3517 uo·

302 3542 397 3597 coliata,
408 3544 446 3589 vir
460 3545 548 3590 minimi
559 3545 662 3592 monenti
672 3544 746 3592 initur
759 3544 800 3591 ha·
849 3557 913 3600 meu,
923 3542 987 3609 quod
997 3552 1119 3609 tanqum
1132 3540 1254 3607 premium
1264 3557 1280 3590 a
1296 3556 1349 3608 por·

304 3615 367 3662 beat.
849 3616 943 3667 tentate
954 3618 1071 3668 relaturus
1080 3632 1141 3667 rum.
1161 3617 1252 3665 Herus.
