3600 5925
524 779 663 851 narls
686 777 953 852 AMATORIAE
977 777 1067 846 LIB.
1092 781 1120 846 1.
1282 779 1348 847 478

310 958 470 1044 Interea,
489 957 567 1033 sive
584 958 649 1032 illa
660 969 746 1031 toro
763 955 939 1055 resupina
954 954 1110 1042 feretum

361 1073 551 1148 Lecticam
568 1073 729 1148 dominae
746 1072 1026 1147 dissimulanter
1042 1072 1122 1147 adi:

309 1189 415 1265 Neve
432 1190 567 1288 aliquis
584 1190 707 1265 verbis
726 1190 873 1263 odiosas
892 1189 1037 1264 adferat
1053 1213 1173 1276 aures,

357 1306 481 1390 Quam
499 1317 619 1406 potes,
638 1306 823 1403 ambiguis
841 1307 998 1380 callidus
1016 1306 1114 1381 abde
1131 1305 1240 1380 notis.
1275 1310 1349 1380 400

310 1423 387 1498 Seu
403 1424 565 1522 pedibus
582 1423 709 1498 vacuis
726 1424 779 1497 illi
796 1423 965 1522 spatiosa
980 1433 1122 1498 teretur

360 1538 553 1613 Porticus:
582 1539 642 1613 hic
661 1540 782 1614 socias
799 1551 842 1614 tu
859 1564 1013 1637 quoque
1026 1542 1145 1638 junge
1162 1563 1297 1614 moras.

311 1653 361 1727 Et
376 1656 490 1729 modo
506 1656 698 1754 praecedas
715 1654 849 1744 facit03
877 1656 990 1730 modo
1007 1667 1114 1753 terga
1130 1658 1317 1753 sequaris:

360 1769 412 1845 Et
428 1770 539 1844 modo
556 1770 723 1858 festines,
742 1781 782 1845 et
797 1771 909 1845 modo
926 1772 1049 1845 lentus
1067 1796 1144 1846 eas·

311 1884 394 1960 Nec
411 1887 480 1961 tibi
497 1887 546 1960 de
563 1888 696 1962 mediis
714 1871 1031 1986 aliquot'trausire
1048 1889 1239 1962 columnas
1274 1891 1350 1962 495

363 2001 423 2075 Sit
439 2002 571 2100 pudor,
590 2016 656 2079 aut
671 2006 778 2080 lateri
796 2005 1036 2082 continuasse
1053 2005 1163 2079 latus.

312 2113 395 2190 Nec
412 2116 492 2191 sine
509 2129 548 2192 te
564 2142 678 2195 curvo
695 2121 827 2195 sedeat
843 2121 1010 2219 spatiosa
1025 2120 1188 2195 theatro:

360 2229 473 2315 Quod
490 2245 652 2332 spectes,
672 2236 835 2311 humeris
853 2234 997 2310 adferet
1013 2235 1077 2308 illa
1093 2235 1184 2309 suis.

312 2351 420 2427 lllam
438 2354 629 2453 respicias,
648 2354 750 2428 illam
768 2356 901 2427 mirere
919 2354 1068 2440 licebit3

364 2468 490 2543 Multa
506 2470 718 2569 supercilio,
737 2470 855 2544 multa
871 2470 1025 2566 loquare
1042 2467 1153 2541 notis.
1280 2471 1354 2540 500

313 2583 364 2658 Et
380 2585 549 2683 plaudas,
569 2586 732 2683 aliquam
750 2585 864 2659 mimo
882 2584 1042 2658 saltante
1060 2582 1245 2682 puellam;

363 2698 414 2772 Et
430 2698 555 2774 faveas
573 2699 638 2786 illi,
658 2700 830 2797 quisquis
849 2709 982 2797 agatur
999 2721 1140 2772 amans.

313 2813 412 2888 Cum
430 2824 570 2911 surget,
589 2837 740 2911 surges3
769 2815 888 2887 donec
907 2813 1016 2888 sedet
1033 2814 1107 2898 illa,
1126 2812 1288 2886 sedebis.

362 2928 528 3004 Arbitrio
544 2928 706 3004 domina
723 2939 894 3028 tempora
911 2928 1027 3028 perde
1044 2938 1131 3002 tuae.

315 3047 392 3122 Sed
409 3047 476 3121 tibi
492 3070 561 3121 nec
578 3046 674 3122 ferro
691 3048 840 3146 placeat
855 3056 1031 3144 torquere
1048 3044 1221 3142 capillos:
1278 3048 1351 3117 505

363 3160 400 3234 N
403 3186 446 3236 ec
464 3173 530 3236 tua
546 3163 711 3237 mordaci
728 3163 878 3261 pumice
895 3184 1004 3236 crura
1019 3169 1131 3235 teras.

315 3276 395 3352 leta
410 3278 504 3376 jube
521 3277 670 3364 faciant,
690 3302 848 3376 quorum
867 3277 1054 3375 Cybeleia
1070 3285 1189 3349 mater

365 3392 585 3466 Concinitur
601 3392 778 3492 Phrygiis
795 3393 991 3467 exululata
1007 3392 1140 3466 modis.

317 3505 452 3580 Forma
466 3507 563 3581 viros
581 3508 755 3605 neglecta
770 3509 893 3583 decet.
950 3507 1120 3583 Minoida
1136 3506 1305 3581 Theseus

364 3621 542 3710 Abstulit,
560 3647 583 3697 a
599 3624 702 3698 nulla
720 3637 891 3725 tempora
907 3636 1054 3699 comtos
1072 3646 1155 3698 acu.
1281 3626 1355 3696 510

315 3734 564 3836 Hippolytum
578 3738 751 3826 Phaedra,
766 3765 836 3816 nec
851 3751 932 3816 erat
945 3741 1042 3815 bene
1054 3739 1189 3824 cultus,
1204 3737 1352 3812 amavit.

366 3852 469 3927 Cura
486 3853 591 3940 Deae,
610 3853 711 3928 silvis
730 3868 853 3954 aptae,
872 3855 1016 3929 Adonis
1033 3864 1125 3929 erat.

347 4037 403 4088 495.
415 4036 464 4087 Nec
475 4038 638 4086 tibideraedir's
647 4040 734 4102 aliquot
746 4049 811 4089 tran·
860 4048 1004 4106 spectatores
1024 4037 1125 4088 intentos
1149 4037 1237 4087 babere
1262 4036 1356 4096 rolent;

313 4113 358 4160 tire
371 4109 502 4174 columnia]
528 4109 630 4176 Lapides
645 4111 759 4162 milliares
775 4114 811 4162 in·
860 4114 904 4163 red
924 4112 1016 4163 adserat
1033 4112 1083 4169 illa,
1099 4127 1152 4178 qna
1172 4121 1265 4178 spectes
1282 4111 1358 4160 oculis

315 4182 410 4247 telligit.
443 4183 534 4233 liuns.
861 4186 921 4236 tuis:
938 4184 1076 4236 eamrolarn
1086 4193 1176 4251 specta,
1187 4184 1252 4234 illam
1265 4184 1358 4242 mirere,

348 4257 527 4342 ⁴39⁰·Affl'0']
548 4257 577 4306 lu
593 4256 685 4341 Apronii
700 4264 725 4307 et
741 4258 811 4344 Corn·
861 4262 907 4310 dte.
930 4261 1019 4353 Buprr.
1166 4335 1171 4345 .
1338 4333 1343 4343 .

315 4329 813 4472 retruserant
862 4417 886 4457 ,1
893 4332 1359 4488 attenuarant:

315 4486 468 4540 »pectoralem
490 4480 590 4530 llantrr‘.
629 4481 680 4545 Ego
699 4479 811 4545 legerem,
862 4481 964 4535 Persius,
981 4481 1030 4529 Sat.
1048 4497 1080 4528 ιν.
1095 4480 1137 4528 30.
1154 4479 1179 4528 in
1194 4480 1356 4531 moremlrunc

315 4555 461 4615 qnodrpectes
471 4554 811 4619 oeulis,ufferatillo,tais.ne
862 4552 1060 4618 ririsindignnm.
1091 4553 1181 4603 Arria.

315 4624 812 4690 videeaqueiutbeatrocxbiberi,etelios
