3600 5925
581 745 804 814 Altonum.
844 744 934 811 LIB.
958 745 1059 811 l.10.
1281 750 1346 814 329

308 918 439 993 Donec
457 942 540 997 eras
557 920 731 1018 simplex,
750 919 915 994 animum
932 943 1017 992 cum
1031 942 1184 1017 corpore
1200 924 1338 998 emavi:

357 1034 469 1109 Nunc
487 1037 622 1110 mentis
638 1036 728 1109 vitio
745 1035 971 1133 laesafigura
985 1045 1138 1109 tuaest.
1373 1024 1377 1031 ’

306 1147 357 1224 Et
373 1175 467 1249 puer
483 1162 543 1226 est
559 1163 597 1227 et
613 1153 735 1226 nudus
752 1151 881 1226 Amor.
908 1151 989 1226 sine
1006 1151 1178 1226 sordibus
1196 1177 1324 1241 anuos,

355 1264 407 1339 Et
423 1268 543 1341 nullas
560 1279 696 1356 vestes,
715 1277 758 1341 ut
773 1267 823 1340 sit
839 1277 1003 1366 apertus,
1023 1268 1148 1341 habet.
1297 1273 1340 1343 15

306 1377 406 1463 Quid
424 1407 580 1481 puerum
598 1383 754 1457 Veneris
772 1381 893 1481 pretio
910 1393 1078 1481 prostare
1090 1385 1259 1481 jubetis?

355 1495 440 1580 Quo
457 1499 618 1597 pretium
635 1499 784 1583 condat,
803 1521 878 1570 non
894 1497 1009 1571 habet
1024 1498 1086 1571 ille
1104 1499 1238 1574 sinum.

306 1608 389 1685 Nee
408 1612 537 1688 Venus
554 1626 643 1713 apta
659 1614 758 1699 feris,
776 1612 934 1687 Veneris
952 1638 1022 1687 nec
1039 1613 1150 1701 filius,
1169 1616 1304 1691 armis:

356 1726 393 1798 N
395 1752 444 1801 on
461 1729 572 1804 decet
587 1730 758 1805 imbelles
775 1752 850 1802 aera
865 1752 1008 1802 merere
1027 1728 1142 1803 Deos.
1292 1737 1342 1805 20

307 1839 392 1916 Stat
408 1847 584 1919 meretrix
601 1856 703 1920 certo
720 1844 837 1919 cuivis
855 1844 1065 1918 mercabilis
1083 1868 1177 1932 aere;

357 1956 408 2031 Et
424 1960 577 2036 miseras
589 1963 698 2059 jusso
715 1982 870 2058 corpore
887 1959 1023 2057 quaerit
1038 1983 1143 2058 opes.

306 2070 475 2149 Devovet
491 2077 688 2176 imperium
705 2087 831 2151 tamen
848 2077 929 2150 haec
946 2076 1091 2149 lenonis
1109 2077 1230 2153 avari:

355 2185 417 2275 Et,
436 2192 537 2288 quod
553 2217 619 2267 vos
637 2193 758 2266 facitis
776 2203 924 2291 sponte,
942 2204 1075 2266 coacta
1091 2191 1192 2266 facit.

306 2300 451 2379 Sumite
468 2307 507 2380 in
523 2308 739 2407 exemplum
755 2307 923 2405 pecudes
941 2307 1082 2380 ratione
1099 2314 1340 2384 carentes.25

353 2417 478 2521 Turpe
495 2424 566 2498 erit
581 2423 773 2520 ingenium
789 2422 916 2496 mitius
933 2445 1017 2496 esse
1035 2421 1134 2496 feris.

304 2532 341 2606 N
343 2560 391 2610 on
404 2561 504 2636 equa
519 2563 652 2613 munus
667 2561 819 2637 equum,
831 2562 907 2611 non
920 2548 1068 2612 taurum
1076 2546 1191 2612 vacca
1204 2562 1340 2637 popos-

353 2650 390 2724 N
393 2679 441 2728 on
459 2656 554 2729 aries
571 2653 747 2753 placitam
765 2676 919 2726 munere
936 2662 1064 2751 captat
1081 2677 1200 2727 ovem.
1251 2655 1336 2748 [eitz

305 2767 397 2843 Sola
410 2770 488 2844 viro
505 2770 638 2844 mulier
654 2768 783 2867 spoliis
800 2768 945 2842 exultat
961 2767 1141 2843 ademtis:

355 2882 445 2957 Sola
460 2885 559 2958 locat
575 2894 727 2958 noctes:
756 2883 836 2956 sola
851 2882 1011 2956 locanda
1020 2883 1139 2956 venit.
1290 2889 1339 2957 30

303 2998 355 3074 Et
365 3002 505 3088 vendit,
516 3002 620 3101 quod
635 3011 836 3097 utrumque
848 3000 967 3095 juvat,
982 2998 1084 3095 quod
1099 3009 1256 3098 uterque
1273 3024 1338 3098 pe·

354 3114 405 3190 Et
420 3118 593 3217 pretium,
613 3117 742 3215 quanti
759 3116 923 3213 gaudeat
939 3115 1033 3213 ipsa,
1053 3114 1152 3189 feeit.
1195 3118 1337 3212 [tebatt

303 3232 397 3317 Quae
415 3233 543 3308 Venus
560 3258 608 3308 ex
626 3258 737 3333 aequo
752 3242 909 3308 venture
925 3241 984 3306 est
1000 3242 1106 3329 grata
1122 3234 1282 3322 duobus,

352 3350 482 3425 Altera
498 3375 565 3425 cur
580 3353 682 3426 illam
699 3351 839 3438 vendit,
858 3360 897 3424 et
914 3350 1008 3423 alter
1025 3349 1141 3422 emitl

249 3520 253 3524 -
304 3465 384 3539 Cur
401 3466 490 3539 mihi
507 3467 557 3540 sit
571 3468 720 3554 damno,
737 3466 807 3540 tibi
825 3464 874 3538 sit
888 3465 1037 3537 lucrosa
1052 3465 1236 3563 voluptas,
1288 3470 1336 3540 35

354 3578 477 3664 Quam
494 3584 594 3657 socio
610 3593 714 3659 motu
730 3581 868 3657 femina
884 3582 1015 3678 virque
1032 3579 1180 3654 ferunt?

168 3717 172 3724 ·
303 3694 341 3769 N
342 3720 391 3769 on
409 3699 505 3773 bene
521 3689 696 3774 conducti
712 3697 878 3772 vendunt
895 3696 1057 3794 perjuria
1073 3706 1210 3769 testes:

351 3810 389 3884 N
391 3838 438 3887 on
457 3814 554 3890 bene
570 3814 699 3890 selecti
713 3811 851 3911 judicis
868 3834 956 3884 area
972 3820 1088 3910 patet.

300 4121 408 4171 meretrix
418 4120 513 4178 dieitur,
522 4129 548 4171 ut
561 4118 669 4169 similiter
676 4119 796 4169 Martialis
845 4116 938 4164 Cortum
948 4115 1056 4181 estquis
1065 4115 1178 4181 inscripta
1187 4124 1237 4164 emt
1245 4114 1338 4166 cellula

299 4201 325 4243 et
334 4195 384 4245 olii.
401 4194 456 4245 hinc
470 4198 586 4259 prmiari
593 4202 619 4246 et
632 4196 792 4258 pamma,
842 4188 972 4254 unicuique
980 4204 1079 4245 merces,
1089 4204 1161 4253 quem
1170 4189 1282 4255 captabat
1290 4204 1339 4239 me·

300 4276 424 4319 utnotum.
456 4270 546 4319 Bunn.
778 4309 782 4322 ,
841 4261 1027 4322 retri13vid.td
1040 4261 1134 4311 Petmu.
1144 4277 1197 4327 cup.
1208 4262 1259 4312 viii.
1278 4263 1338 4318 Qum

332 4343 374 4391 21.
392 4344 480 4408 Certe]
500 4346 566 4395 Circo
577 4343 664 4395 eratin
674 4342 792 4393 Glmria-
842 4339 876 4386 vis
892 4338 1019 4385 mamutii
1035 4352 1087 4390 ere,
1104 4336 1171 4385 multi
1189 4352 1219 4385 ex
1236 4336 1337 4403 scriptis.

300 4429 340 4471 Μ,
354 4417 418 4466 unde
433 4417 487 4482 quis
500 4417 530 4467 de
545 4418 695 4469 Cireemibus
710 4415 793 4484 proeti-
842 4411 907 4479 quod
917 4411 978 4462 mle
989 4409 1088 4477 arripuit
1097 4411 1198 4463 Marius.
1232 4413 1338 4466 Bou..

299 4487 364 4539 bulis
383 4497 462 4557 ponet
482 4493 605 4544 muniere.
629 4492 672 4544 sed
692 4491 792 4544 frustm:
843 4528 848 4534 .
